2022 3281
129 164 145 196 1
167 168 194 197 v
216 152 274 208 M]
616 155 703 197 DE
735 154 1095 198 SCACCARIO
1531 168 1585 213 75

127 268 233 310 tello
254 282 332 322 per
353 268 547 309 medium
564 268 678 311 talee
701 283 788 311 non
807 269 1074 323 obliquando
1096 269 1210 311 sicut
1230 269 1280 311 fit
1296 270 1338 312 in
1359 278 1581 325 argenteo.
1602 278 1631 309 L

129 336 203 379 Sic
239 337 371 390 igitur
402 338 496 390 ipsa
528 337 723 379 locorum
754 339 983 392 dispositio
1014 345 1058 379 et
1089 338 1307 380 incisionis
1339 339 1582 382 differentia

127 406 233 458 quid
261 419 439 446 aureum
460 406 528 447 vel
554 407 660 460 quid
688 407 744 448 sit
768 414 1022 462 argenteum
1050 413 1282 461 vtrumque
1307 408 1580 450 determinat.

129 472 336 515 Ceterum
358 476 616 528 oportunius
640 476 721 517 hec
744 477 890 518 omnia
911 475 1002 517 visu
1024 490 1155 530 quam
1177 477 1312 518 verbo
1331 490 1581 531 cognosces,

182 542 443 597 Disczpulns.
505 544 636 598 Quod
668 546 723 585 de
754 545 836 586 hiis
867 551 1002 586 restat
1033 545 1207 587 oculata
1235 545 1322 587 fide
1353 546 1579 588 constabit.
1600 563 1617 594 5

126 611 257 653 Nunc
278 613 313 653 si
340 613 485 666 placet
507 614 563 653 de
585 613 739 655 officiis
761 627 1035 667 prosequere.

182 680 414 734 Magister.
477 682 582 723 Post
604 682 730 729 hunc,
753 689 799 723 vt
820 696 951 736 supra
972 682 1176 733 diximus,
1194 682 1459 736 interpositis
1479 684 1580 724 viris

124 749 342 803 aliquibus
371 751 567 792 discretis
592 765 617 792 a
640 765 739 805 rege
768 751 919 801 missis,
941 752 1098 792 residet
1121 752 1155 792 is
1183 753 1256 805 qui
1286 765 1343 792 ex
1371 760 1581 807 precepto

125 820 239 872 regis
260 820 610 873 computationes
631 820 733 861 facit
755 821 970 874 positione
993 834 1272 861 nummorum
1296 835 1375 874 pro
1394 821 1579 863 calculis.

126 886 332 929 Officium
349 889 524 941 quidem
550 889 655 929 satis
672 889 931 942 perplexum
949 896 1015 930 est
1037 896 1079 929 et
1098 889 1362 930 laboriosum
1386 903 1393 939 ;
1424 896 1467 932 et
1489 891 1580 932 sine
1601 904 1640 927 10

125 970 177 997 eo
208 957 283 997 vix
314 957 383 997 vel
417 970 638 1010 nunquam
674 958 876 998 scaccarii
908 959 1020 998 ratio
1052 963 1199 1011 posset
1229 959 1437 1011 expediri.
1501 958 1580 1002 Set

123 1025 231 1066 nulli
253 1025 339 1067 illic
357 1026 559 1067 residenti
581 1025 783 1067 conuenit
800 1039 857 1066 ex
876 1026 1017 1066 officio
1040 1026 1118 1066 nisi
1140 1026 1207 1067 cui
1230 1040 1309 1067 rex
1325 1027 1395 1067 vel
1416 1028 1580 1069 iusticia

123 1094 396 1135 mandauerit
417 1095 738 1147 exequendum.
801 1094 1090 1134 Laboriosum
1108 1095 1298 1147 inquam,
1314 1096 1419 1148 quia
1436 1103 1579 1138 cetera

122 1162 265 1203 officia
298 1163 447 1216 lingua
480 1162 548 1204 vel
586 1176 716 1204 manu
751 1163 822 1203 vel
862 1163 944 1203 hiis
981 1163 1153 1203 duobus
1190 1163 1436 1216 explentur.
1499 1165 1578 1207 Set

121 1231 164 1272 in
185 1231 268 1273 hoc
290 1232 472 1286 ‘lingua,
495 1246 659 1281 manus,
682 1231 797 1273 oculi
820 1245 942 1273 mens
965 1231 1183 1272 indefessa
1204 1231 1430 1274 laborant.’
1599 1254 1638 1286 15

182 1300 324 1341 Huius
351 1306 498 1342 autem
525 1299 606 1341 hec
626 1307 693 1342 est
718 1301 828 1342 ratio
856 1301 1097 1341 secundum
1124 1307 1381 1342 consuetum
1404 1315 1576 1344 cursum

119 1369 323 1411 scaccarii
365 1383 452 1410 non
492 1368 662 1424 legibus
703 1369 968 1411 arisrneticis.
1037 1369 1306 1420 Memoriter‚
1346 1375 1393 1410 vt
1435 1372 1576 1421 credo,

119 1439 285 1480 dixisse
315 1451 385 1478 me
423 1439 579 1480 retines
611 1440 826 1481 scaccario
861 1438 1099 1493 superponi
1125 1451 1321 1491 pannum
1351 1439 1479 1492 virgis
1511 1440 1575 1481 di-

117 1508 325 1549 stinctum
348 1508 391 1547 in
421 1508 544 1548 cuius
572 1507 818 1549 intersticiis
846 1507 1088 1548 numerales
1117 1508 1262 1549 acerui
1291 1507 1576 1549 collocantur.

120 1577 255 1618 Porro
276 1575 516 1618 calculator
538 1577 581 1617 in
603 1577 751 1618 medio
779 1576 927 1618 lateris
949 1576 1109 1618 residet
1130 1583 1176 1617 vt
1203 1582 1349 1630 pateat
1375 1577 1575 1618 omnibus
1596 1597 1636 1619 20

118 1652 161 1686 et
191 1651 238 1686 vt
275 1645 460 1687 liberum
492 1645 654 1687 habeat
685 1646 885 1686 ministra
915 1659 1069 1686 manus
1099 1658 1346 1686 excursum,
1407 1645 1575 1687 Statuit

116 1721 264 1755 autem
286 1715 342 1755 ad
364 1715 593 1756 dexteram
615 1715 656 1755 in
679 1714 821 1768 spatio
842 1714 1044 1755 inferiore
1065 1727 1271 1754 aceruum
1293 1727 1573 1756 nummorum
1592 1726 1629 1757 M

117 1783 174 1824 ab
210 1784 271 1824 xi.
309 1789 352 1824 et
386 1782 510 1823 infra.
582 1783 633 1823 In
669 1783 874 1833 secundo,
908 1783 1145 1823 solidorum
1186 1796 1211 1822 a
1248 1783 1342 1822 xix.
1375 1789 1420 1824 et
1453 1783 1571 1825 infra.

118 1851 171 1892 In
192 1852 321 1893 tertio
342 1865 444 1892 vero
466 1851 671 1892 librarum
689 1858 732 1892 et
753 1851 823 1893 hic
839 1851 1018 1904 quidem
1037 1852 1119 1904 ipsi
1143 1858 1263 1893 recta
1279 1851 1422 1892 fronte
1439 1852 1572 1894 debet

118 1920 293 1973 opponi,
316 1921 418 1973 quia
443 1920 610 1961 medius
636 1927 700 1961 est
731 1920 774 1960 in
801 1920 1017 1961 consuetis
1046 1920 1265 1973 compotis
1290 1920 1568 1961 uicecomitis.
1592 1940 1630 1972 25

120 1989 171 2029 In
201 1995 356 2041 quarto
383 2001 562 2029 aceruus
588 1994 652 2029 est
680 1988 945 2042 vigenarum.
1028 1988 1079 2028 In
1102 1988 1256 2041 quinto
1278 1995 1571 2040 centenarum,

114 2056 158 2097 in
194 2063 323 2099 sexto
357 2056 639 2106 millenarum,
674 2057 717 2097 in
751 2057 940 2110 septimo
970 2062 1036 2097 set
1067 2070 1162 2097 raro
1194 2057 1347 2097 decem
1384 2057 1569 2098 millium

114 2124 331 2166 librarum.
388 2125 509 2166 Raro
537 2125 728 2178 inquam,
753 2124 837 2167 hoc
863 2131 929 2166 est
950 2139 1048 2167 cum
1077 2139 1103 2166 a
1134 2138 1235 2178 rege
1263 2125 1330 2165 vel
1359 2126 1569 2168 mandato

115 2195 206 2235 eius
220 2208 244 2235 a
259 2195 428 2247 magnis
442 2194 560 2248 regni
574 2200 804 2247 compotus
821 2208 846 2235 a
858 2193 1124 2235 thesaurario
1137 2200 1180 2235 et
1195 2194 1435 2235 camerariis
1449 2195 1568 2248 regni

113 2264 250 2304 totius
281 2269 454 2317 recepte
485 2262 726 2317 suscipitur.
798 2262 925 2304 Licet
953 2268 1101 2303 autem
1130 2262 1380 2304 calculatori
1411 2277 1490 2317 pro
1521 2278 1565 2304 x.
1585 2283 1626 2314 30

113 2331 264 2374 solidis
278 2338 633 2385 argenteum,pro
648 2345 691 2371 x.
706 2331 948 2379 verolibris,
958 2331 1139 2372 obulum
1154 2345 1332 2372 aureum
1346 2345 1567 2386 apponere

112 2407 161 2442 vt
176 2406 407 2454 compotus
421 2400 667 2454 expeditius
689 2399 779 2441 fiat.
853 2399 1114 2441 Cauendum
1135 2413 1237 2440 vero
1254 2406 1319 2441 est
1337 2414 1390 2442 ne
1413 2414 1566 2442 manus

112 2469 368 2522 preambula
387 2468 582 2523 linguam
605 2468 831 2522 preueniat
851 2468 920 2509 vel
942 2483 966 2510 e
987 2482 1224 2519 conuers03
1256 2476 1322 2510 set
1342 2469 1471 2510 simul
1492 2471 1566 2524 qui

113 2544 404 2592 computat‚et
418 2537 631 2579 calculum
646 2537 792 2579 mittat
806 2544 849 2579 et
863 2551 1089 2578 numerum
1098 2537 1308 2590 designet,
1316 2551 1369 2579 ne
1381 2538 1435 2580 sit
1449 2552 1566 2580 error

161 2650 180 2685 3
205 2648 402 2687 Vtcumque
419 2642 466 2676 N
544 2642 565 2677 8
590 2648 628 2677 et
645 2640 781 2676 residet
798 2641 857 2676 his
873 2642 909 2675 R
993 2650 1016 2685 9
1039 2639 1143 2685 facit]
1164 2640 1227 2676 fiat
1245 2640 1326 2682 (sed
1337 2641 1511 2686 deletum)
1530 2644 1566 2678 R

114 2697 157 2723 12
184 2688 253 2722 nisi
272 2699 342 2723 om.
361 2689 396 2722 R
478 2698 520 2732 14
531 2689 589 2723 vel
606 2688 693 2733 hiis]
707 2689 775 2723 hec
793 2688 850 2722 his
867 2689 898 2722 R
982 2697 1022 2722 21
1037 2687 1220 2723 ministrat
1235 2689 1270 2722 R
1335 2698 1377 2723 22
1392 2701 1564 2725 numero-

112 2735 247 2770 rumN
314 2735 358 2770 26
373 2736 625 2771 centenarium
643 2736 689 2769 N
755 2744 798 2778 27
817 2734 1061 2770 millenarium
1078 2735 1124 2769 N
1179 2744 1225 2779 29
1241 2735 1343 2780 regni
1362 2762 1369 2770 .
1387 2763 1396 2771 .
1415 2762 1423 2771 .
1442 2747 1564 2772 came-

112 2781 216 2816 rariis
235 2793 304 2816 om.
322 2782 368 2816 N
484 2792 525 2827 31
549 2782 675 2817 solidis
693 2808 702 2816 .
720 2808 729 2817 .
747 2809 755 2817 .
771 2783 901 2817 decem
914 2793 984 2817 om.
1002 2783 1038 2816 R
1156 2791 1199 2825 32
1217 2782 1424 2827 expeditius
1441 2795 1511 2820 om.
1528 2785 1565 2819 R

112 2837 156 2873 33
174 2828 364 2874 perueniat
383 2829 418 2864 R
511 2831 569 2865 vel
585 2841 606 2866 e
624 2840 804 2865 conuerso
822 2830 989 2864 Madox:
1017 2828 1075 2865 vel
1093 2839 1222 2865 euerso
1241 2829 1348 2865 CNR
