2022 3281
397 186 479 217 102
880 173 968 215 DE
1000 169 1359 214 SCACCARIO
1680 168 1717 228 [Ι
1738 170 1785 211 xi
1807 178 1842 211 A·

392 295 613 343 regnante,
642 294 733 329 tam
766 286 876 328 Daci
907 298 1039 339 quarn
1070 283 1200 325 ceteri
1232 289 1344 324 terre
1375 284 1593 337 marisque
1625 283 1841 337 predones

346 357 569 399 Bhostiles
615 356 877 398 cohibebant
918 355 1124 404 incursus,
1164 351 1349 393 scientes
1393 366 1543 393 verum
1589 365 1682 393 esse
1722 351 1840 404 quod

391 427 598 480 scriptum
626 432 693 466 est
722 427 733 445 ‘
750 424 861 465 Cum
882 422 1004 463 fortis
1025 427 1218 461 armatus
1239 421 1429 462 custodit
1454 421 1611 462 atrium
1637 434 1776 469 suum,
1799 419 1842 460 in

390 508 498 548 pace
519 500 620 535 sunt
642 507 692 534 ea
713 506 797 545 que
819 488 1035 545 possidet.'
1097 489 1326 530 Nouerant
1347 490 1477 531 etiam
1498 491 1616 543 quod
1637 488 1841 530 acerrime

354 563 560 611 5virtutis
593 561 789 602 homines
820 559 1036 613 inpunitas
1068 572 1153 598 non
1185 558 1326 598 ferunt
1358 558 1540 599 iniurias.
1603 558 1714 599 Cum
1737 570 1841 610 ergo

392 632 464 672 diu
495 630 684 671 siluisset
719 635 834 669 terra
867 627 947 668 sub
986 627 1179 667 eiusdem
1216 626 1325 680 regis
1358 626 1552 680 imperio,
1581 625 1721 666 noluit
1756 625 1841 665 hoc

390 706 437 740 vt
466 711 656 739 annuum
696 696 821 746 solui,
858 696 977 749 quod
1010 694 1149 736 fuerat
1184 701 1366 748 Vrgente
1396 694 1656 736 necessitate
1686 693 1842 735 bellice

365 766 662 820 'tempestatis
684 772 904 815 exactum,
927 778 1004 805 nec
1029 770 1177 805 tamen
1200 763 1378 805 omnino
1401 769 1577 816 propter
1594 763 1842 816 inopinatos

389 850 514 877 casus
536 835 708 876 dimitti.
770 834 890 875 Raro
909 834 1041 887 igitur
1057 833 1326 885 temporibus
1344 832 1433 873 eius
1453 831 1521 872 vel
1543 844 1841 872 successorum

333 920 371 942 10
389 905 520 959 ipsius
551 903 720 945 solutus
750 908 841 953 est;
871 903 955 944 hoc
986 909 1052 944 est
1083 915 1181 943 curn
1213 901 1269 942 ab
1300 901 1462 942 exteris
1492 900 1695 955 gentibus
1726 899 1843 941 bella

388 974 456 1015 vel
497 973 722 1027 opiniones
758 972 973 1013 bellorum
1010 971 1303 1025 insurgebant.
1362 970 1528 1011 Verum
1564 982 1843 1021 quocumque

389 1049 586 1096 tempore
613 1041 820 1092 soluatur,
840 1041 897 1082 ab
921 1040 1016 1093 ipso
1042 1039 1163 1079 liberi
1194 1045 1296 1080 sunt
1320 1038 1393 1091 qui
1422 1038 1614 1079 assident
1642 1038 1698 1078 ad
1726 1050 1841 1078 scac-

389 1112 551 1153 carium
584 1110 694 1152 sicut
724 1111 890 1151 dictum
923 1115 999 1150 est.
1059 1108 1351 1149 Vicecomites
1381 1120 1570 1160 quoque,
1601 1106 1701 1147 licet
1731 1106 1843 1146 inter

389 1181 571 1221 barones
602 1179 803 1220 scaccarii
835 1191 923 1218 non
954 1183 1271 1231 computentur,
1294 1177 1349 1217 ab
1380 1177 1463 1217 hoc
1495 1175 1630 1229 quieti
1662 1180 1762 1216 sunt
1787 1175 1843 1216 de

332 1263 369 1296 15
390 1249 595 1291 dominiis
616 1248 704 1288 suis
726 1252 904 1301 propter
925 1245 1184 1287 laboriosam
1206 1245 1398 1286 eiusdem
1421 1258 1573 1285 census
1600 1243 1842 1285 collectam.

392 1317 577 1359 Noueris
613 1323 762 1357 autem
799 1315 991 1356 dominia
1035 1313 1264 1355 cuiuslibet
1299 1313 1380 1355 hec
1419 1313 1502 1354 dici
1538 1326 1623 1366 que
1658 1312 1843 1365 propriis

389 1386 637 1440 sumptibus
672 1384 740 1426 vel
765 1383 986 1424 laboribus
1012 1383 1287 1435 excoluntur,
1308 1389 1351 1424 et
1384 1383 1488 1423 item
1510 1395 1595 1434 que
1623 1382 1679 1421 ab
1709 1381 1840 1421 ascri-

390 1455 527 1509 ptitiis
557 1454 645 1495 suis
679 1467 758 1494 suo
789 1453 964 1494 nomine
995 1452 1281 1506 possidentur.
1344 1450 1460 1504 Quia
1482 1450 1595 1491 enim
1617 1448 1842 1502 ascriptitii

389 1525 446 1565 de
466 1524 586 1577 regni
609 1524 699 1563 iure
721 1536 807 1563 non
828 1521 970 1562 solum
992 1520 1048 1562 ab
1069 1520 1150 1562 hiis
1171 1533 1256 1573 que
1279 1521 1410 1561 modo
1432 1519 1657 1572 possident
1679 1518 1734 1558 ad
1756 1517 1841 1558 alia

332 1610 371 1632 20
390 1593 486 1635 loca
521 1608 547 1635 a
578 1592 764 1633 dominis
797 1591 884 1631 suis
920 1590 1138 1631 transferri
1180 1594 1375 1642 possunt,
1410 1602 1561 1629 verum
1597 1588 1729 1628 etiam
1761 1586 1843 1640 ipsi

343 1675 564 1716 equoque
606 1661 722 1701 licite
761 1660 1006 1701 venduntur
1045 1658 1114 1699 vel
1154 1656 1487 1712 quomodolibet
1526 1656 1842 1704 distrahuntur,

391 1731 545 1771 merito
569 1736 661 1771 tam
683 1728 776 1782 ipsi,
798 1741 930 1782 quam
961 1734 1074 1768 terre
1095 1740 1204 1780 quas
1235 1725 1442 1768 excolunt
1462 1732 1511 1766 vt
1541 1725 1730 1766 dominis
1754 1723 1843 1765 suis

389 1799 593 1846 seruiant,
623 1797 816 1838 dominia
847 1802 1117 1849 reputantur.
1180 1795 1293 1836 Item
1324 1795 1458 1835 fertur
1487 1794 1543 1834 ab
1573 1793 1656 1833 hiis
1687 1793 1843 1846 quibus

389 1867 570 1921 antiqua
608 1866 811 1907 scaccarii
850 1865 1036 1918 dignitas
1086 1864 1263 1906 oculata
1310 1862 1394 1904 fide
1444 1861 1674 1916 pernotuit,
1723 1862 1843 1915 quod

331 1950 369 1983 25
388 1938 573 1978 barones
601 1936 692 1976 eius
721 1935 778 1976 ab
806 1935 981 1975 essartis
1006 1933 1263 1974 forestarum
1292 1932 1414 1973 liberi
1439 1938 1539 1972 sunt
1565 1931 1620 1972 de
1641 1930 1843 1971 dominiis

389 2006 500 2047 suis:
532 2004 690 2058 quibus
712 2010 755 2045 et
785 2017 865 2044 nos
886 2003 1132 2045 consentire
1153 2001 1364 2052 videmur,
1386 2001 1556 2042 adiecta
1581 2000 1846 2041 determina-

390 2075 510 2116 tione
540 2080 587 2115 vt
613 2073 669 2114 de
699 2072 782 2113 hiis
812 2071 987 2113 essartis
1018 2071 1220 2112 dicantur
1249 2069 1398 2123 quieti,
1420 2083 1505 2122 que
1536 2068 1707 2109 fuerant
1741 2074 1844 2109 ante

390 2143 505 2184 diem
546 2155 634 2196 qua
674 2155 751 2182 rex
793 2140 971 2181 illustris
1014 2140 1232 2180 Henricus
1275 2139 1441 2192 primus
1483 2138 1612 2178 rebus
1642 2136 1843 2177 humanis

390 2218 626 2266 exemptus
656 2217 734 2251 est.
796 2209 842 2251 Si
875 2209 988 2250 enim
1020 2209 1076 2250 de
1106 2208 1321 2256 omnibus,
1343 2220 1618 2260 quocumque
1645 2212 1845 2259 tempore

330 2294 371 2325 30
391 2281 514 2322 factis
534 2280 603 2321 vel
628 2279 848 2327 faciendis,
869 2278 1006 2332 quieti
1034 2284 1189 2326 essent,
1217 2276 1401 2317 liberum
1426 2276 1646 2317 videretur
1670 2275 1845 2316 baroni-

391 2351 483 2400 bus,
523 2356 701 2405 propter
733 2348 1056 2402 impunitatem,
1096 2359 1274 2387 nemora
1312 2359 1405 2394 sua,
1445 2344 1487 2385 in
1527 2344 1686 2397 quibus
1727 2343 1846 2396 regia

392 2418 552 2460 foresta
583 2417 795 2466 consistit,
817 2431 895 2470 pro
927 2416 990 2457 sui
1021 2415 1184 2457 arbitrii
1215 2414 1441 2455 voluntate
1471 2412 1702 2461 succidere,
1727 2412 1845 2465 quod

392 2501 669 2540 nequaquam
692 2487 870 2540 impune
894 2491 1077 2539 possunt
1105 2484 1187 2525 nisi
1214 2483 1469 2537 precedente
1493 2482 1606 2535 regis
1632 2493 1845 2522 consensu

392 2555 461 2596 vel
482 2555 729 2609 principalis
761 2554 986 2596 forestarii.
1048 2553 1182 2594 Porro
1213 2552 1256 2592 in
1287 2550 1550 2592 necessarios
1582 2550 1715 2591 etiam
1744 2563 1847 2590 vsus

439 2699 462 2732 4
488 2689 669 2725 Nouerint
689 2690 721 2725 C
859 2691 881 2725 6
907 2689 1075 2724 soluisset
1093 2688 1139 2722 N
1275 2687 1295 2722 8
1321 2685 1473 2721 omnino
1495 2686 1542 2720 N
1551 2697 1657 2728 corr„
1674 2684 1713 2720 R
1729 2695 1846 2720 corn:

394 2736 520 2771 animo
538 2736 614 2770 NR
701 2747 744 2771 10
767 2737 929 2772 solutum
949 2737 980 2772 C
1048 2747 1093 2770 ex
1110 2734 1215 2770 terris
1236 2734 1266 2768 C
1350 2741 1388 2778 15
1416 2733 1591 2768 collatam
1610 2733 1647 2767 R
1733 2740 1773 2774 17
1800 2731 1847 2765 ab

394 2782 619 2827 ascriptitiis]
640 2795 661 2816 a
679 2783 865 2828 scriptitiis
885 2784 916 2818 C
1009 2792 1052 2826 23
1063 2785 1151 2828 post
1166 2780 1299 2826 quibus
1317 2779 1401 2816 add.
1422 2786 1458 2814 et
1478 2780 1510 2814 C
1522 2791 1616 2815 corr.
1715 2788 1760 2821 24
1785 2789 1849 2814 an-

395 2830 497 2875 tiqua
507 2832 596 2874 post
612 2829 771 2874 dignitas
781 2832 893 2875 ponit
911 2830 941 2866 C
1035 2839 1078 2873 27
1105 2827 1165 2874 qui
1187 2828 1235 2862 N
1322 2836 1366 2871 34
1391 2826 1504 2862 etiam
1520 2826 1604 2861 add.
1626 2826 1657 2862 C
1670 2837 1762 2861 corr.
