2022 3281
411 192 494 232 144
895 179 982 220 DE
1015 175 1376 220 SCACCARIO
1664 174 1722 234 [ΙΙ
1745 177 1807 218 xii
1830 184 1857 218 C

409 293 706 335 consimilibus
749 291 883 334 semel
924 293 1028 333 data
1075 288 1273 331 sufficiat.
1347 290 1418 330 De
1457 288 1539 330 hac
1579 295 1729 331 tamen
1769 290 1858 331 fide

408 362 497 403 iam
537 363 651 403 circa
686 362 808 403 initia
844 361 968 414 plura
1008 359 1125 400 dicta
1165 363 1266 399 sunt
1301 363 1346 399 et
1380 364 1545 400 restant
1590 358 1736 412 aliqua
1779 371 1859 399 suo

314 430 507 505 xiiiloco
539 431 738 472 dicenda.

359 521 394 552 A
468 501 600 542 Porro
629 500 697 540 hic
725 499 912 552 primum
941 496 1298 550 distinguendum
1329 500 1395 536 est
1425 494 1537 536 circa
1564 495 1784 537 debitores
1816 502 1860 537 et

373 587 390 618 5
409 570 558 611 debita
578 576 624 610 vt
647 569 689 609 in
717 567 873 620 quibus
898 565 1006 606 fides
1035 565 1184 606 oblata
1209 564 1354 605 locum
1379 562 1551 614 habeat,
1573 570 1617 605 et
1639 564 1681 604 in
1703 565 1861 618 quibus

409 654 511 690 non,
531 639 612 680 tibi
635 642 805 678 constet
825 649 834 686 ;
865 635 900 676 si
929 635 1043 676 enim
1065 635 1188 675 miles
1208 633 1279 674 vel
1303 632 1410 673 liber
1434 632 1543 673 alius
1568 638 1644 673 aut
1665 633 1860 688 ascripti-

407 707 495 748 tius
524 706 592 747 vel
629 705 823 759 quelibet
863 703 1113 744 huiusmodi
1144 702 1437 755 cuiuscunque
1478 701 1746 743 condicionis
1786 709 1863 743 aut

407 788 541 816 sexus
573 787 770 827 persona,
790 772 881 827 regi
910 778 1082 814 tenetur
1104 771 1148 812 in
1173 771 1330 825 quouis
1357 768 1520 819 debito,
1542 769 1660 822 quod
1683 770 1862 822 quidem

407 858 520 898 pena
551 844 608 886 sit
642 857 720 896 pro
758 855 940 884 excessu
978 854 1065 882 non
1096 839 1295 881 oblatum
1330 845 1635 892 spontaneum,
1671 837 1757 879 fide
1792 837 1865 880 illa

351 927 392 949 10
407 913 676 954 vicecomitis
717 910 867 953 oblata
907 916 951 951 et
991 910 1034 951 in
1071 909 1157 950 fine
1195 907 1473 962 suscipienda
1513 913 1744 948 contentus
1785 907 1865 947 erit

408 981 712 1029 thesaurarius,
734 986 778 1020 et
803 979 960 1021 iterato
981 978 1193 1019 scribetur
1218 977 1389 1018 debitor
1417 976 1460 1016 in
1483 975 1564 1016 hoc
1593 975 1735 1016 annali
1757 975 1866 1016 sicut

409 1049 453 1090 in
485 1050 693 1104 preterito
724 1049 789 1089 vir
817 1047 886 1089 vel
915 1046 1080 1098 mulier,
1101 1046 1220 1087 cuius
1252 1045 1366 1087 actio
1398 1058 1475 1098 per
1506 1044 1698 1098 inopiam
1728 1044 1866 1085 inanis

408 1118 524 1160 facta
544 1124 624 1160 est.
683 1117 847 1158 Verum
870 1129 993 1157 secus
1013 1121 1092 1165 est,
1113 1115 1149 1155 si
1171 1114 1345 1155 debitor
1366 1114 1451 1165 ille,
1473 1114 1528 1155 de
1549 1127 1637 1166 quo
1658 1112 1866 1166 queritur,

410 1187 517 1229 ciuis
545 1194 612 1228 est
637 1186 707 1229 vel
736 1185 976 1239 burgensis,
996 1185 1030 1225 si
1057 1183 1217 1225 scilicet
1244 1196 1403 1236 genere
1429 1183 1532 1224 ciuis
1561 1183 1617 1223 sit
1645 1182 1725 1232 vel,
1751 1181 1867 1223 facta

353 1270 392 1302 15
411 1256 493 1298 sibi
529 1255 802 1303 necessitate,
834 1252 1201 1296 commorantium
1234 1252 1395 1293 ciuium
1427 1251 1596 1305 legibus
1627 1258 1787 1304 sponte
1820 1263 1867 1290 se

411 1324 653 1366 subiecerit.
713 1324 816 1364 Non
852 1323 967 1363 enim
1004 1320 1162 1362 sufficit
1191 1320 1435 1362 vicecomiti
1470 1321 1589 1372 quod
1625 1320 1793 1367 horum,
1828 1317 1865 1359 si

411 1393 485 1447 qui
516 1393 571 1433 de
601 1392 808 1445 requisita
837 1404 1009 1432 summa
1040 1403 1126 1431 non
1160 1389 1441 1438 satisfaciunt,
1479 1388 1658 1429 mobilia
1690 1394 1864 1428 tantum

412 1462 555 1502 soluat
584 1461 654 1502 vel
688 1460 882 1513 quesisse
917 1473 963 1499 se
998 1472 1077 1499 nec
1112 1458 1328 1498 inuenisse
1363 1456 1495 1497 fidem
1530 1457 1695 1504 offerat,
1727 1461 1776 1496 vt
1806 1454 1867 1495 sic

413 1531 469 1571 ad
490 1529 752 1571 scaccarium
781 1528 999 1576 liberetur,
1021 1525 1101 1567 nisi
1130 1539 1280 1566 eorum
1307 1531 1351 1566 et
1376 1526 1532 1566 domos
1562 1530 1604 1565 et
1632 1523 1790 1564 fundos
1822 1528 1866 1562 et

355 1613 396 1634 20
415 1598 633 1652 quoslibet
652 1598 823 1638 vrbium
846 1596 1042 1637 redditus
1065 1594 1232 1635 infiscet
1253 1600 1297 1635 et
1314 1607 1446 1647 penes
1468 1593 1577 1634 alios
1599 1593 1798 1642 collocet,
1820 1598 1867 1632 vt

413 1666 483 1708 vel
509 1667 570 1708 sic
598 1667 747 1707 debita
775 1665 864 1718 regi
894 1663 1076 1718 pecunia
1106 1662 1357 1716 proueniat;
1388 1662 1506 1714 quod
1535 1661 1568 1702 si
1591 1675 1678 1702 non
1702 1659 1868 1701 inueni-

414 1741 542 1776 antur
561 1735 634 1788 qui
655 1734 904 1787 suscipiant,
926 1731 1204 1785 parcentibus
1225 1729 1307 1770 sibi
1335 1730 1522 1770 inuicem
1546 1730 1740 1770 eiusdem
1762 1741 1867 1768 con-

415 1804 595 1844 dicionis
623 1802 882 1851 hominibus
903 1802 1060 1841 domos
1089 1812 1239 1840 eorum
1269 1798 1375 1839 seris
1404 1799 1602 1839 obstruat
1632 1804 1676 1838 et
1707 1796 1867 1837 fundos

414 1873 645 1926 diligenter
674 1871 816 1912 excoli
843 1870 985 1911 faciat.
1046 1868 1094 1910 Si
1123 1881 1225 1908 vero
1256 1866 1428 1908 interim
1459 1866 1519 1907 hii
1550 1866 1757 1907 soluerint
1783 1880 1869 1920 que

357 1955 394 1987 25
414 1942 698 1995 requiruntur,
720 1940 775 1980 ad
810 1938 1115 1992 proprietarios
1145 1937 1260 1989 ipsos
1289 1949 1367 1990 per
1399 1949 1576 1976 manum
1605 1934 1869 1975 vicecomitis

415 2011 505 2051 sine
527 2010 735 2058 molestia,
755 2023 841 2063 que
864 2008 929 2048 sui
951 2007 1052 2047 iuris
1073 2012 1184 2053 sunt,
1207 2005 1455 2046 reddentur.

471 2077 732 2132 Dz‘sczpzclzcs.
795 2076 945 2118 Mirari
980 2076 1083 2116 satis
1118 2088 1206 2115 non
1237 2086 1415 2128 possum
1447 2072 1520 2114 vbi
1557 2071 1687 2125 culpa
1725 2071 1872 2125 dispar

371 2162 398 2192 Β
418 2161 504 2189 non
527 2154 592 2188 est

503 2232 601 2268 ‘cur
622 2239 761 2282 genus
780 2225 863 2267 hoc
883 2224 1110 2266 hominum
1130 2222 1306 2277 grauius
1327 2222 1402 2263 lex
1423 2226 1572 2262 nostra
1594 2217 1791 2260 coercet?

358 2341 399 2372 30
472 2318 705 2371 ,Magis-ter.
757 2316 960 2358 Maxima
986 2328 1086 2369 pars
1118 2312 1396 2367 possessionis
1427 2325 1578 2352 eorum
1608 2311 1682 2364 qui
1713 2310 1871 2352 fundos

416 2386 581 2428 habent
617 2393 661 2428 et
691 2400 768 2440 per
799 2384 1108 2440 agriculturam
1139 2386 1437 2422 sustentantur
1468 2380 1512 2420 in
1550 2379 1800 2432 pecudibus,
1828 2378 1870 2420 in

417 2455 674 2496 animalibus
702 2460 746 2496 et
772 2455 816 2494 in
844 2452 1038 2507 frugibus
1060 2457 1125 2491 est
1154 2457 1198 2491 et
1222 2450 1327 2491 item
1349 2449 1391 2488 in
1420 2447 1501 2488 hiis
1523 2461 1608 2500 que
1630 2461 1719 2488 non
1746 2445 1872 2488 facile

419 2523 764 2565 cohabitantium
806 2522 1009 2563 notitiam
1061 2524 1242 2572 possunt
1283 2515 1485 2570 effugere.
1555 2516 1620 2556 At
1662 2515 1754 2564 hiis,
1796 2514 1872 2568 qui

419 2591 709 2632 mercimoniis
741 2590 993 2639 inseruiunt,
1014 2594 1058 2629 et
1086 2587 1160 2640 qui
1190 2591 1414 2639 parcentes
1438 2584 1696 2638 sumptibus,
1725 2582 1870 2624 multi-

362 2672 401 2704 35
421 2659 629 2713 plicandis
676 2658 1014 2713 possessionibus
1058 2656 1161 2697 totis
1199 2654 1361 2695 viribus
1402 2659 1445 2694 et
1487 2654 1629 2694 modis
1670 2652 1871 2693 omnibus

467 2781 489 2816 6
515 2779 592 2825 aut]
611 2781 668 2817 vel
685 2782 761 2816 NR
840 2789 860 2823 7
886 2777 1063 2826 quelibet]
1082 2776 1235 2823 quilibet
1254 2775 1285 2810 C
1356 2784 1399 2818 14
1424 2774 1472 2811 sit
1488 2774 1579 2811 ciuis
1598 2776 1629 2811 C
1702 2784 1744 2819 19
1753 2773 1868 2819 prius

420 2834 457 2864 et
475 2839 543 2864 om.
563 2828 593 2863 C
686 2837 729 2872 33
749 2828 810 2874 qui
829 2839 896 2863 om.
919 2829 950 2863 C
1041 2835 1086 2871 34
1104 2829 1276 2871 parentes
1290 2823 1361 2858 Rc
