2022 3281
403 189 486 230 106
887 186 974 228 DE
1008 183 1368 228 scACCARIO
1729 180 1766 240 [1
1789 179 1853 224 xii

457 302 715 356 Discipulus.
789 298 1017 354 Numquid
1059 298 1103 339 in
1147 297 1326 353 singulis
1371 299 1649 341 comitatibus
1690 298 1852 340 foresta

399 374 512 427 regis
544 375 640 414 est?

457 441 688 494 islsagz‘ster.
752 439 863 490 Non,
889 443 955 478 set
976 436 1018 477 in
1039 435 1278 476 nemorosis
1299 435 1371 476 vbi
1393 442 1437 477 et
1462 437 1646 479 ferarum
1669 435 1851 478 latibula

397 517 499 551 sunt
527 515 570 550 et
599 507 817 549 vberrima
845 519 1018 558 pascua.
1077 505 1173 545 Nec
1200 504 1378 545 interest
1406 505 1524 546 cuius
1552 507 1637 547 sint
1659 518 1851 555 nemora,

361 579 489 627 5siue
529 577 644 618 enim
681 576 795 630 regis
827 575 913 615 sint
950 575 1042 615 siue
1075 573 1197 626 regni
1230 586 1472 626 procerum,
1507 573 1666 615 liberos
1702 580 1850 615 tamen

398 654 441 688 et
464 646 719 698 indempnes
739 643 904 684 habent
927 642 1015 683 fere
1036 642 1377 694 circumquaque
1397 641 1625 683 discursus.

300 707 377 745 Xifi
456 713 632 754 Essarta
646 726 747 753 vero
757 711 889 765 vulgo
904 711 1109 752 dicuntur
1131 723 1215 762 que
1231 709 1349 763 apud
1374 709 1590 750 Isidorum
1605 709 1850 752 occationes

396 782 686 831 nominantur,
723 780 900 833 quando
941 778 1104 820 scilicet
1145 777 1305 818 foreste
1345 790 1523 818 nemora
1561 776 1630 818 vel
1671 779 1851 819 dumeta

394 850 587 903 quelibet
617 850 788 904 pascuis
821 854 864 889 et
895 846 1086 888 latibulis
1117 851 1330 899 oportuna
1356 845 1661 895 succiduntur3
1693 846 1850 898 quibus

334 940 375 962 10
394 917 566 959 succisis
598 924 642 958 et
674 917 878 958 radicitus
910 914 1071 957 auulsis
1102 921 1216 955 terra
1246 912 1513 954 subuertitur
1543 920 1587 954 et
1623 913 1849 955 excolitur.

394 984 527 1038 Quod
559 986 595 1028 si
626 999 804 1027 nemora
835 984 897 1026 sic
928 983 1076 1025 excisa
1107 982 1193 1023 sint
1221 987 1269 1023 vt
1299 981 1542 1023 subsistens
1573 982 1668 1035 quis
1698 981 1741 1022 in
1771 981 1850 1023 vix

393 1055 562 1096 extanti
590 1055 755 1096 succise
783 1066 966 1107 quercus
994 1052 1061 1093 vel
1090 1051 1268 1093 alterius
1300 1050 1465 1091 arboris
1493 1051 1640 1103 stipite
1665 1050 1849 1091 circum-

391 1124 576 1178 spiciens
588 1138 624 1165 v.
641 1123 828 1164 succisas
842 1121 1005 1169 viderit,
1020 1127 1194 1161 vastum
1210 1125 1427 1174 reputant,
1441 1119 1522 1160 hoc
1537 1125 1602 1160 est
1617 1125 1849 1169 vastatum,

391 1206 469 1246 per
496 1193 721 1246 sincopam
747 1191 806 1233 sic
835 1191 1014 1232 dictum.
1078 1189 1301 1230 Excessus
1332 1195 1479 1229 autem
1509 1187 1620 1237 talis,
1643 1188 1776 1229 etiam
1804 1188 1847 1229 in

332 1280 370 1313 15
391 1262 575 1316 propriis
598 1260 827 1302 cuiuslibet
855 1257 1105 1300 nemoribus
1134 1257 1285 1307 factus,
1306 1257 1417 1297 adeo
1444 1256 1591 1309 grauis
1616 1256 1773 1297 dicitur
1800 1263 1849 1298 vt

390 1343 613 1383 nunquam
646 1330 748 1370 inde
778 1341 855 1382 per
885 1327 1121 1368 sessionem
1152 1326 1352 1367 scaccarii
1384 1325 1554 1366 liberari
1585 1325 1758 1373 debeat,
1780 1331 1848 1367 set

391 1398 531 1450 magis
571 1397 696 1438 iuxta
727 1396 791 1436 sui
818 1402 957 1438 status
990 1394 1337 1448 possibilitatem,
1367 1393 1661 1447 pecuniariter
1691 1392 1846 1446 puniri.

393 1466 623 1507 Hactenus
644 1466 700 1506 de
729 1465 1013 1519 dignitatibus
1042 1462 1327 1504 residencium
1356 1463 1411 1502 ad
1442 1462 1703 1503 scaccarium
1728 1462 1846 1515 quod

389 1535 581 1576 breuitas
598 1535 817 1576 succincta
838 1533 1045 1587 permisit,
1061 1538 1104 1573 et
1127 1530 1263 1572 menti
1286 1544 1381 1571 mee
1402 1537 1582 1583 repente
1604 1544 1650 1571 se
1667 1530 1844 1580 obtulit,

332 1625 371 1647 20
389 1609 624 1657 Vtcumque
646 1602 883 1657 figuraliter
905 1600 1105 1654 exposui.
1158 1599 1365 1641 Ceterum
1383 1612 1535 1653 regum
1554 1598 1846 1641 munificentie

389 1672 623 1713 terminum
645 1672 688 1712 in
716 1671 811 1722 hiis,
832 1684 964 1724 quem
992 1683 1080 1710 non
1105 1668 1495 1721 transgrediantur,
1519 1681 1604 1708 non
1627 1667 1845 1710 constitui.

390 1742 518 1781 Proni
541 1741 655 1782 enim
673 1747 772 1781 sunt
794 1753 947 1780 omnes
965 1744 1144 1792 propter
1165 1737 1351 1791 gratiam
1369 1736 1450 1777 sibi
1467 1737 1676 1777 creditam
1699 1737 1742 1776 in
1765 1750 1845 1778 sue

388 1810 610 1864 dignitatis
645 1809 829 1863 gloriam
870 1807 1230 1862 promouendam,
1261 1806 1320 1845 hii
1352 1806 1579 1859 presertim
1611 1806 1686 1858 qui
1729 1811 1844 1846 recte

387 1879 573 1933 sapiunt.
637 1878 701 1919 At
734 1878 804 1918 ille
839 1877 1031 1917 maxime
1062 1875 1384 1916 mundanorum
1421 1874 1666 1927 principum
1703 1875 1844 1914 maxi-

328 1968 366 2000 25
388 1962 496 1997 mus,
519 1947 694 1989 illustris
717 1946 967 1999 Anglorum
986 1958 1064 1985 rex
1089 1944 1306 1985 Henricus
1322 1944 1551 1992 secundus,
1568 1943 1611 1982 in
1635 1943 1844 1996 augendis

387 2016 668 2070 dignitatibus
690 2016 770 2056 sibi
791 2014 1068 2055 militantium
1086 2025 1257 2065 semper
1277 2012 1452 2065 aspirat,
1469 2012 1608 2052 sciens
1625 2025 1705 2064 pro
1721 2018 1844 2054 certo

386 2087 504 2139 quod
529 2084 698 2126 indulta
719 2084 807 2126 suis
833 2081 1044 2124 beneficia
1072 2081 1256 2122 nominis
1283 2081 1349 2122 sui
1372 2080 1557 2134 gloriam
1584 2080 1843 2122 immortalis

385 2154 499 2195 fame
538 2154 676 2195 titulis
718 2158 1003 2194 emercantur.
1066 2151 1195 2191 Nunc
1227 2150 1359 2203 igitur
1389 2150 1446 2190 ad
1486 2148 1569 2190 alia
1600 2155 1843 2190 currentem

385 2223 600 2264 calamum
622 2229 941 2264 conuertamus.
1169 2209 1172 2213 ⁵

327 2312 367 2343 30
442 2290 699 2343 Discz'pulus.
762 2289 1044 2341 Consequens
1073 2292 1152 2335 est,
1174 2287 1217 2327 ni
1244 2285 1380 2335 fallor,
1411 2285 1523 2326 sicut
1552 2299 1609 2325 ex
1636 2285 1842 2338 predictis

384 2359 535 2400 videor
568 2359 843 2412 comperisse,
875 2364 922 2398 vt
964 2357 1019 2396 de
1060 2356 1173 2409 regis
1209 2354 1350 2408 sigillo
1387 2360 1430 2395 et
1467 2353 1579 2394 libro
1614 2353 1841 2394 iudiciario

385 2428 670 2480 prosequaris,
699 2440 884 2480 quorum
915 2425 1103 2479 primum
1134 2424 1170 2465 si
1200 2424 1311 2464 bene
1348 2421 1526 2463 memini
1559 2421 1602 2462 in
1633 2422 1841 2463 thesauro

385 2503 583 2536 seruatur
604 2502 648 2537 et
673 2495 773 2536 inde
795 2507 883 2535 non
905 2493 1081 2534 recedit.

442 2563 673 2616 Magister.
736 2564 880 2604 Immo
900 2568 944 2603 et
968 2567 1212 2614 vtrumque,
1233 2564 1301 2601 set
1322 2565 1366 2600 et
1386 2559 1593 2612 pleraque
1614 2558 1712 2600 alia.

289 2620 368 2693 ,4133
442 2630 631 2673 Noueris
645 2638 792 2674 autem
809 2631 1059 2672 thesaurum
1073 2629 1339 2683 quandoque
1355 2627 1437 2668 dici
1455 2627 1685 2681 pecuniam
1699 2626 1839 2682 ipsam

431 2762 450 2787 2
477 2760 532 2788 est
549 2764 617 2788 om.
638 2754 669 2789 C
792 2763 813 2796 4
840 2751 938 2798 sunt]
958 2752 1031 2788 sint
1048 2752 1125 2787 NR
1243 2758 1263 2794 7
1282 2749 1494 2785 occasiones
1512 2750 1558 2784 N
1663 2759 1685 2794 9
1711 2760 1837 2785 succe-

383 2801 519 2835 duntur
535 2801 571 2834 R
698 2810 740 2843 14
766 2800 893 2846 etiarn]
912 2807 947 2835 et
969 2800 1000 2835 C
1130 2805 1169 2843 15
1196 2797 1344 2843 grauius
1364 2797 1395 2832 C
1527 2806 1569 2832 21
1598 2796 1785 2832 constituti
1803 2797 1838 2832 R

383 2857 425 2893 23
453 2846 504 2881 hii
521 2846 712 2892 presertim
729 2859 797 2882 om.
814 2848 861 2882 N
949 2856 990 2892 31
1019 2852 1055 2882 et
1072 2857 1139 2881 om.
1157 2846 1193 2881 R
1287 2853 1331 2889 34
1356 2850 1410 2880 set
1427 2854 1496 2879 om.
1519 2844 1550 2879 C
