2022 3281
582 218 1012 283 [PROLOGUS]

162 327 298 370 NNO
315 327 438 369 xxiii.
461 328 580 382 regni
602 328 713 383 regis
731 328 910 370 Henrici
931 327 1110 370 secundi
1131 341 1229 370 cum
1252 326 1449 370 sederem
1471 328 1525 369 ad
1546 339 1578 370 A

220 397 456 439 fenestram
487 397 663 451 specule
694 412 779 452 que
809 404 874 439 est
902 397 1026 439 iuxta
1053 397 1233 439 fluuium
1265 397 1526 438 Tamensem

73 466 236 508 sactum
272 473 339 508 est
379 465 561 508 verbum
602 467 793 509 hominis
834 467 877 507 in
913 467 1079 520 impetu
1113 466 1329 521 loquentis
1365 467 1423 508 ad
1459 479 1529 506 me

73 535 217 576 dicens
243 535 481 590 ‘Magister
503 549 648 576 nonne
669 535 810 590 legisti
833 535 950 589 quod
974 536 1016 577 in
1038 535 1215 578 scientia
1234 535 1302 577 vel
1324 534 1528 577 thesauro

72 603 333 645 abscondito
374 604 495 644 nulla
535 604 590 645 sit
629 602 849 646 vtilitas?’
924 603 1006 646 Cui
1055 617 1155 646 cum
1205 603 1565 657 respondissem5

74 671 236 726 ‘Legi‚'
269 672 418 714 statim
457 672 615 714 intulit.
677 671 792 714 ‘Cur
827 685 930 726 ergo
965 673 1188 714 scientiam
1224 673 1280 714 de
1315 672 1529 714 scaccario

74 755 161 795 que
182 755 316 795 penes
337 747 381 782 te
403 740 590 794 plurima
615 755 709 782 esse
733 741 890 783 dicitur
910 740 1021 783 alios
1046 755 1133 782 non
1154 741 1285 783 doces
1306 747 1350 782 et
1372 754 1427 782 ne
1447 739 1527 782 tibi

74 811 383 852 commoriatur
411 809 574 863 scripto
601 809 907 852 commendas?
968 810 1085 852 Tum
1110 823 1206 864 eg0‚
1230 814 1239 831 ‘
1255 809 1372 851 Ecce
1398 808 1528 850 frater

74 878 130 919 ad
159 879 425 920 scaccarium
452 878 538 918 iam
566 892 644 932 per
671 878 809 920 multa
836 884 1037 932 tempora
1065 877 1261 920 resedisti
1287 883 1331 919 et
1355 877 1464 919 nihil
1484 884 1528 919 te

75 947 183 988 latet
214 960 312 988 cum
343 946 620 1001 scrupulosus
650 946 721 988 sis.
782 946 854 988 Sic
884 954 929 989 et
959 948 1015 988 de
1045 947 1198 989 ceteris
1230 946 1304 1000 qui
1335 946 1528 988 assident
1550 962 1590 986 10

75 1015 304 1069 probabile
337 1014 426 1056 est.'
489 1015 554 1057 At
589 1015 672 1065 ille,
709 1014 856 1056 ‘Sicut
891 1016 965 1069 qui
1001 1016 1044 1056 in
1078 1015 1269 1056 tenebris
1299 1016 1529 1057 ambulant

75 1090 118 1125 et
140 1084 339 1126 manibus
360 1083 541 1138 palpant
562 1084 808 1137 frequenter
828 1084 1068 1135 offendunt,
1089 1084 1148 1125 sic
1170 1084 1256 1125 illic
1278 1084 1405 1126 multi
1427 1085 1528 1125 resi—

76 1153 181 1194 dent
208 1153 282 1206 qui
302 1153 496 1194 videntes
525 1166 611 1195 non
632 1153 781 1194 vident
808 1159 853 1194 et
880 1153 1108 1194 audientes
1135 1167 1222 1194 non
1251 1151 1528 1207 intelligunt.’

74 1221 190 1262 Tum
222 1234 317 1274 ego,
347 1221 663 1263 ‘Irreuerenter
695 1221 896 1274 loqueris,
928 1234 1008 1263 nec
1044 1221 1160 1262 enim
1196 1221 1374 1263 scientia
1407 1229 1530 1263 tanta

75 1296 140 1332 est
155 1290 222 1331 vel
244 1291 299 1331 de
319 1290 478 1339 tantis;
508 1295 574 1331 set
595 1289 705 1331 forte
726 1296 827 1331 sunt
849 1290 946 1339 illis,
962 1289 1036 1344 qui
1060 1303 1220 1344 magna
1241 1297 1527 1344 aucupantur,
1550 1309 1587 1342 15

73 1359 204 1401 corda
224 1365 272 1400 ut
292 1359 423 1412 pedes
445 1358 589 1411 aquile
606 1358 679 1412 qui
701 1372 834 1412 parua
855 1372 942 1400 non
964 1358 1150 1400 retinent
1172 1365 1216 1400 et
1236 1371 1346 1412 quos
1367 1373 1528 1413 magna

73 1440 159 1468 non
181 1426 416 1482 effugiunt.’
468 1427 529 1469 Et
551 1427 634 1478 ille,
651 1431 660 1448 ‘
674 1427 797 1480 Esto,
819 1434 883 1469 set
904 1427 1005 1470 licet
1026 1427 1171 1481 aquile
1192 1428 1347 1469 celsius
1367 1428 1526 1478 volent,

71 1503 219 1538 tamen
255 1496 298 1537 in
334 1496 569 1538 humilibus
609 1495 840 1550 quiescunt
881 1503 926 1538 et
965 1495 1224 1547 reficiuntur,
1260 1502 1305 1538 et
1345 1497 1403 1538 ob
1443 1496 1528 1539 hoc

73 1564 251 1606 humilia
269 1565 394 1605 nobis
411 1565 574 1618 exponi
592 1565 782 1619 petimus
805 1565 908 1620 ipsis
931 1565 1086 1619 aquilis
1106 1563 1356 1620 profutura.’
1408 1566 1524 1607 Tum

72 1646 168 1687 eg0‚
197 1632 395 1675 ‘Veritus
425 1647 521 1674 sum
553 1634 608 1675 de
638 1633 718 1676 hiis
750 1634 878 1676 rebus
909 1648 1019 1689 opus
1049 1641 1286 1677 contexere
1315 1647 1401 1688 que
1432 1648 1525 1675 cor·
1547 1655 1587 1678 20

70 1701 213 1756 poreis
239 1703 437 1744 sensibus
466 1703 662 1745 subiecta
690 1710 790 1745 sunt
816 1710 859 1745 et
884 1704 1112 1745 cotidianis
1132 1704 1280 1746 vsibus
1301 1704 1527 1755 vilescunt,

74 1785 154 1814 nec
185 1777 250 1813 est
279 1771 348 1813 vel
379 1785 474 1813 esse
504 1778 651 1826 potest
682 1772 726 1813 in
758 1772 819 1814 eis
854 1773 1079 1814 subtilium
1116 1786 1258 1814 rerum
1295 1773 1527 1826 descriptio

73 1840 143 1881 vel
173 1840 362 1881 iocunda
390 1840 598 1882 nouitatis
630 1841 851 1883 inuentio.'
911 1841 972 1883 Et
1002 1841 1089 1893 ille,
1116 1841 1229 1895 ‘Qui
1259 1841 1528 1883 nouitatibus

73 1909 280 1963 gaudent,
321 1908 396 1962 qui
441 1908 666 1950 subtilium
714 1923 858 1951 rerum
906 1910 1055 1963 fugam
1098 1916 1325 1964 appetunt,
1364 1909 1528 1951 habent

74 1976 352 2019 Aristotilem
384 1983 426 2018 et
458 1976 588 2017 libros
621 1977 880 2028 Platonicos,
908 1979 1089 2020 audiant
1119 1978 1228 2019 illos.
1287 1977 1357 2018 Tu
1389 1978 1527 2019 scribe
1547 1974 1586 2040 {35

72 2060 159 2088 non
200 2046 376 2088 subtilia
412 2052 478 2087 set
513 2045 666 2087 wilia?
721 2047 837 2088 Tum
874 2060 971 2101 eg0‚
1006 2047 1103 2088 ‘De
1133 2046 1215 2087 hiis
1250 2046 1379 2088 rebus
1419 2060 1526 2100 quas

72 2115 187 2170 petis
208 2114 475 2170 impossibile
496 2121 562 2156 est
583 2115 664 2156 nisi
686 2116 904 2157 rusticano
925 2128 1122 2157 sermone
1150 2122 1194 2156 et
1221 2115 1526 2157 communibus

72 2183 190 2237 loqui
210 2181 382 2224 verbis?
439 2182 505 2224 At
536 2183 606 2225 ille
630 2184 749 2225 velut
777 2197 1009 2226 succensus
1039 2183 1081 2224 in
1111 2183 1231 2234 iram,
1263 2183 1525 2225 desideranti

75 2252 190 2294 enim
211 2252 359 2294 animo
380 2252 485 2292 nihil
507 2252 612 2294 satis
633 2252 871 2302 festinatur,
891 2252 962 2303 ait,
991 2255 1000 2272 ‘
1014 2251 1191 2293 Artium
1213 2252 1442 2307 scriptores
1471 2266 1524 2294 ne

73 2321 211 2362 multa
241 2333 395 2374 parurn
427 2321 559 2363 scisse
585 2320 835 2363 viderentur
865 2327 908 2362 et
940 2327 987 2362 ut
1012 2334 1081 2362 ars
1108 2320 1319 2363 difficilior
1346 2322 1523 2376 cognitu
1544 2344 1586 2376 30

74 2388 207 2438 fieret,
239 2389 377 2431 multa
407 2390 730 2443 conquisierunt
760 2396 805 2431 et
835 2389 978 2431 verbis
1014 2389 1245 2443 incognitis
1282 2390 1524 2444 palliarunt.

72 2458 141 2500 Tu
176 2459 448 2500 scribendam
481 2465 621 2500 artem
658 2472 747 2500 non
783 2458 965 2512 suscipis
998 2465 1066 2500 set
1099 2459 1310 2512 quasdam
1343 2472 1527 2500 consue-

73 2527 244 2569 tudines
271 2533 315 2568 et
343 2527 437 2568 iura
463 2527 678 2579 scaccarii,
699 2541 783 2582 que
813 2528 915 2582 quia
947 2527 1195 2569 communia
1224 2528 1388 2571 debent
1418 2542 1524 2579 esse,

123 2628 189 2663 1—6
218 2629 329 2663 Anno
366 2655 375 2664 .
409 2655 417 2664 .
451 2655 460 2663 .
495 2628 690 2664 scientiam
721 2629 806 2664 add.
839 2628 900 2664 Ν2
1088 2638 1108 2673 7
1134 2629 1282 2676 dicitur]
1317 2631 1452 2668 debere
1483 2632 1531 2667 N

77 2683 131 2718 10,
145 2683 182 2709 11
206 2674 267 2710 Sic
280 2700 288 2709 .
302 2701 310 2709 .
322 2702 330 2710 .
341 2676 532 2721 probabile
546 2683 602 2712 est
614 2676 752 2711 deleuit
764 2677 795 2712 C
802 2688 894 2712 corr.
1011 2685 1050 2712 11
1073 2677 1175 2712 Sicut
1190 2678 1236 2712 de
1250 2678 1381 2713 ceteris
1396 2679 1428 2714 C
1441 2690 1449 2714 :
1477 2680 1524 2715 de

75 2720 205 2756 ceteris
227 2721 364 2756 deleuit
391 2723 422 2758 C
446 2734 540 2758 corr.
703 2731 741 2769 15
770 2729 1001 2768 aucupantur
1021 2725 1260 2769 scripsimus:
1298 2733 1524 2770 occupantur

77 2768 183 2803 CNR
341 2770 383 2804 16
407 2781 481 2804 non
515 2781 630 2815 parua
656 2770 688 2806 C
853 2780 895 2814 19
919 2770 1023 2805 vobis
1052 2771 1098 2805 N
1259 2780 1299 2817 25
1329 2773 1464 2818 scripte
1489 2774 1525 2807 R

76 2817 179 2859 29-p.
197 2815 254 2859 60,
272 2814 296 2849 l.
314 2825 334 2850 2
363 2815 593 2862 [scrip]tores
611 2827 658 2852 ne
682 2843 691 2852 .
710 2842 718 2851 .
736 2842 745 2851 .
763 2817 897 2862 quibus
914 2817 1096 2862 loquimur
1112 2818 1195 2854 add.
1212 2819 1272 2853 Ν2
1366 2829 1411 2865 32
1436 2831 1524 2856 vero

75 2864 161 2896 ante
176 2861 407 2898 scribendam
424 2863 507 2899 add.
521 2864 574 2909 N,
592 2864 743 2899 lectione
758 2864 795 2898 R
811 2865 908 2899 male
925 2865 1108 2900 intellecta
