2022 3281
383 183 464 229 150
867 175 953 216 DE
986 172 1346 217 SCACCARIO
1653 172 1712 234 [11
1737 179 1828 220 xvii

380 295 537 344 sponte
559 288 674 331 visus
701 294 765 330 est
792 287 1001 341 optulisse
1021 292 1070 327 vt
1097 286 1158 327 sie
1185 299 1211 327 a
1237 287 1576 330 summonitione
1602 289 1685 331 sibi
1715 291 1830 333 facta

381 357 552 399 liberari
572 358 725 408 valeat,
753 370 807 397 ne
835 370 861 397 a
887 356 1085 396 debitore
1112 353 1319 407 quolibet,
1347 356 1421 408 qui
1452 357 1542 411 regi
1573 371 1659 399 non
1688 360 1829 409 soluit,

381 426 551 467 interim
583 426 738 478 aliqua,
769 438 853 477 que
887 424 969 464 sibi
1002 423 1112 464 iuste
1146 423 1431 474 debebantur,
1451 425 1669 479 suscipiat.
1728 428 1828 468 Non

380 494 496 535 enim
523 493 754 535 verisimile
777 499 842 534 est
873 505 960 533 non
990 505 1117 545 posse
1137 492 1438 532 vicecomitem
1464 493 1519 534 de
1544 494 1708 535 catallis
1739 496 1828 537 eius

341 581 360 613 5
381 563 602 612 inuenisse,
641 575 717 615 per
756 574 840 614 que
875 560 964 614 regi
1006 560 1158 601 debita
1191 572 1363 600 summa
1397 560 1600 614 soluatur,
1635 564 1707 615 qui
1750 564 1830 617 ipsi

378 630 638 680 vicecomiti,
660 636 817 682 sponte
840 628 909 669 vel
941 629 1114 679 inuitus,
1136 628 1254 681 quod
1286 628 1593 681 requirebatur,
1629 631 1830 673 exsoluit.

379 699 428 741 Si
457 706 604 740 tamen
633 704 734 739 ante
755 697 904 738 datam
926 696 1058 738 fidem
1080 710 1156 750 per
1175 709 1222 737 se
1241 696 1310 738 vel
1331 710 1407 750 per
1426 697 1559 738 alium
1580 700 1830 741 recordatus

378 767 507 807 fuerit
527 767 766 807 vicecomes
793 765 849 807 de
876 765 943 806 his
970 764 1116 818 aliqua
1142 779 1188 806 se
1215 765 1461 818 suscepisse,
1481 765 1551 807 vel
1578 767 1709 809 etiarn
1731 774 1831 822 post

377 835 538 886 datam,
561 826 754 876 nondum
783 840 933 875 tamen
960 833 1104 875 soluto
1131 834 1345 875 scaccario
1374 835 1460 875 diei
1492 835 1616 886 illius,
1640 835 1722 878 hoc
1754 843 1830 885 est,

319 920 359 944 ιο
376 904 482 944 dum
523 910 753 957 compotus
794 903 885 944 eius
926 916 1075 944 recens
1114 909 1193 954 est,
1228 909 1272 944 et
1306 904 1481 945 veniens
1524 905 1566 945 in
1608 905 1831 958 publicum

376 971 555 1026 querula
575 986 681 1014 voce
701 985 747 1012 se
767 971 954 1027 suscepti
976 978 1080 1013 tunc
1104 968 1390 1013 inmemorem
1416 973 1647 1025 exstitisse,
1668 973 1755 1015 fide
1776 974 1831 1015 de

375 1040 442 1081 his
470 1040 634 1091 oblata,
652 1039 909 1082 confirmare
929 1039 1128 1091 voluerit,
1147 1046 1391 1094 susceptam
1419 1054 1633 1099 summam
1655 1042 1831 1084 nomine

375 1108 583 1150 debitoris
610 1109 860 1163 persoluens
888 1108 1156 1151 liberabitur.
1216 1107 1263 1150 Si
1289 1122 1404 1161 vero,
1432 1111 1550 1163 quod
1580 1109 1705 1160 absit,
1732 1117 1832 1164 post

375 1177 507 1219 fidem
529 1178 691 1228 datam,
712 1184 811 1231 post
837 1177 1028 1219 solutum
1056 1177 1330 1226 scaccarium,
1350 1191 1428 1232 per
1447 1178 1580 1221 alium
1605 1178 1688 1220 hoc
1710 1180 1830 1220 inno-

319 1265 356 1298 15
375 1246 520 1297 tuerit,
541 1259 628 1288 non
658 1246 744 1286 iam
771 1253 974 1299 suscepta
999 1252 1169 1287 tantum
1197 1247 1370 1288 soluens
1393 1246 1643 1289 absoluetur
1663 1254 1729 1289 set
1752 1260 1830 1302 pro

375 1328 556 1355 excessu
592 1327 671 1355 suo
703 1314 746 1354 in
781 1314 893 1369 regis
929 1313 1204 1367 beneplacito
1244 1315 1500 1357 iudicandus
1540 1316 1828 1371 pecuniariter

376 1383 588 1436 punietur.

435 1451 658 1492 Postremo
677 1451 976 1492 vicecomitem
998 1452 1315 1493 commonuisse
1340 1452 1526 1495 sufficiat
1546 1458 1594 1494 vt
1614 1459 1715 1507 post
1735 1467 1827 1494 sus-

376 1526 548 1574 ceptam
577 1520 962 1561 summonitionem
992 1520 1223 1575 diligenter
1245 1521 1434 1574 inquirat
1461 1535 1539 1575 per
1558 1521 1772 1571 viciniam,
1794 1522 1828 1562 si

317 1613 358 1635 20
375 1588 440 1630 vir
466 1589 541 1642 qui
569 1588 782 1629 soluendo
809 1601 895 1629 non
924 1594 988 1630 est
1008 1603 1191 1630 vxorem
1220 1591 1393 1639 ducens,
1413 1588 1481 1631 vel
1510 1590 1662 1632 mulier
1683 1591 1830 1632 ditiori

375 1658 554 1705 nubens,
571 1657 639 1698 vel
656 1658 811 1711 quouis
832 1657 917 1699 alio
940 1659 1074 1700 modo
1091 1658 1286 1709 ditescat,
1303 1664 1515 1712 quatenus
1536 1659 1592 1700 de
1614 1659 1829 1714 requisitis

374 1725 621 1767 satisfacere
648 1726 819 1775 valeat3
862 1728 981 1780 quod
1011 1727 1045 1767 si
1074 1727 1298 1769 inuentum
1327 1727 1467 1778 fuerit,
1492 1735 1669 1781 propter
1696 1727 1829 1770 fidem

373 1795 641 1836 vicecomitis
680 1794 849 1836 soluere
889 1795 1188 1848 compellatur.
1254 1795 1387 1850 Quod
1427 1796 1462 1837 si
1503 1796 1634 1838 nichil
1673 1796 1828 1838 horum

374 1863 599 1903 inuentum
640 1862 779 1912 fuerit,
815 1864 977 1916 poterit
1012 1869 1115 1904 tunc
1152 1872 1338 1918 purgata
1370 1864 1635 1906 conscientia
1669 1866 1725 1906 de
1764 1864 1830 1905 his

317 1949 354 1982 ²5
376 1932 504 1972 rebus
535 1931 667 1972 fidem
698 1932 802 1973 dare
832 1937 876 1973 et
906 1932 1206 1974 imminentem
1238 1946 1381 1974 rerum
1413 1946 1589 1974 suarum
1620 1933 1828 1975 iacturam

377 1999 603 2042 declinare.

251 2073 360 2113 xviii
433 2068 688 2122 Discipulus.
748 2069 977 2123 Numquid
1006 2069 1071 2111 vir
1100 2083 1180 2124 pro
1208 2083 1358 2121 vxore,
1381 2084 1467 2124 que
1492 2070 1582 2125 regi
1602 2071 1831 2113 tenebatur

379 2144 423 2178 et
444 2137 520 2178 sati
544 2137 692 2179 debita
713 2138 799 2179 iam
820 2138 952 2180 soluit
972 2138 1041 2180 vel
1062 2152 1143 2193 pro
1162 2139 1254 2182 viro
1275 2152 1356 2181 suo
1378 2139 1532 2181 mulier
1552 2139 1592 2181 ei
1613 2145 1830 2194 superstes

376 2205 597 2247 conueniri
619 2205 781 2247 debet?

317 2292 359 2324 30
432 2274 663 2327 stsagister.
707 2274 824 2317 Satis
840 2275 999 2317 audisti
1016 2276 1136 2329 quod
1155 2276 1251 2330 ‘qui
1266 2275 1468 2318 adheret’
1487 2275 1828 2327 mulieri‚‘vnum

376 2356 532 2396 corpus
564 2342 770 2393 efficitur‚'
790 2345 850 2385 sic
882 2351 1031 2387 tamen
1061 2351 1108 2386 vt
1136 2352 1268 2400 caput
1296 2346 1386 2386 eius
1415 2345 1481 2387 sit.
1543 2345 1704 2387 Merito
1724 2359 1829 2400 ergo

377 2425 456 2464 pro
478 2425 529 2452 ea
556 2412 881 2454 conueniendus
911 2420 989 2465 est,
1016 2413 1118 2467 quia
1145 2413 1324 2454 ‘mulier
1352 2413 1418 2455 sui
1448 2419 1713 2468 potestatem
1742 2428 1831 2455 non

378 2479 509 2521 habet
521 2487 587 2521 set
602 2478 694 2521 vir.'
738 2480 871 2534 Quod
886 2482 921 2522 si
935 2482 1000 2522 vir
1012 2495 1070 2523 ex
1083 2495 1134 2523 ea
1151 2481 1315 2535 prolem
1332 2482 1574 2536 susceperit,
1583 2483 1650 2524 cui
1664 2482 1830 2524 ratione

378 2548 525 2588 vxoris
555 2548 769 2591 debeatur
798 2549 1028 2599 hereditas,
1058 2556 1114 2599 et,
1137 2556 1309 2592 mortua
1340 2550 1428 2592 iam
1458 2564 1608 2601 vxore,
1636 2551 1831 2592 nondum

320 2633 359 2667 35
379 2615 522 2656 soluta
552 2617 642 2669 regi
680 2617 827 2659 debita
862 2618 1048 2672 pecunia
1082 2618 1223 2669 fuerit,
1253 2618 1315 2659 vir
1346 2618 1418 2660 ille
1453 2620 1627 2661 nomine
1661 2619 1830 2662 heredis

379 2683 702 2726 conuenientius
731 2692 774 2727 et
805 2687 1099 2729 cohercendus
1130 2693 1208 2737 est,
1230 2686 1337 2728 alias
1358 2694 1506 2730 autem
1536 2701 1635 2730 non.
1696 2689 1830 2730 Porro

427 2796 448 2830 8
474 2806 514 2830 se
532 2807 600 2832 om.
621 2798 652 2833 C
831 2809 872 2834 12
894 2803 979 2845 post
994 2800 1119 2836 oblata
1136 2798 1219 2835 add.
1236 2799 1309 2835 fide
1326 2800 1372 2835 N
1555 2812 1738 2838 summam
1755 2812 1829 2837 sus-

381 2849 528 2888 ceptam
549 2845 580 2880 C
672 2853 713 2889 13
731 2851 814 2890 post
833 2857 903 2882 om.
924 2848 956 2883 C
1045 2856 1087 2892 31
1116 2846 1236 2893 capud
1255 2847 1287 2882 C
