2022 3281
437 164 492 206 86
922 166 1009 209 DE
1041 163 1402 208 scACCAR1o
1737 164 1837 224 [Ivi
1860 176 1891 209 G

437 281 777 323 examinandam
814 281 974 323 dantur
1014 279 1147 321 fusori
1188 292 1275 320 non
1316 278 1372 320 de
1408 278 1513 320 fisco
1554 280 1631 322 sed
1668 280 1723 322 de
1765 287 1889 335 parte

434 349 702 391 vicecomitis
728 350 851 403 quasi
882 349 926 389 in
948 347 1162 402 premium
1187 347 1253 388 sui
1285 346 1460 389 laboris.
1519 348 1644 390 Tunc
1672 348 1890 402 eliguntur

436 431 463 459 a
489 418 746 472 presidente,
767 417 834 458 vel
860 431 887 458 a
910 415 1176 457 thesaurario
1201 415 1236 455 si
1266 413 1338 455 ille
1365 414 1520 457 absens
1545 415 1685 469 fuerit,
1706 417 1777 458 alii
1799 417 1888 458 duo

435 487 712 529 vicecomites
740 492 787 527 vt
813 484 943 527 simul
964 498 1063 526 cum
1085 483 1341 537 argentario,
1368 496 1537 524 necnon
1559 491 1604 526 et
1631 484 1889 527 vicecomite

397 572 416 604 5
437 555 556 597 cuius
578 567 765 595 examen
787 553 1030 595 faciendum
1055 559 1133 603 est,
1161 552 1402 605 procedant
1427 552 1484 594 ad
1505 552 1650 606 ignem
1677 553 1750 594 vbi
1771 553 1890 595 fusor

436 631 539 665 ante
569 623 850 677 premonitus,
881 621 1120 674 preparatis
1151 620 1415 671 necessariis,
1440 633 1592 661 eorum
1623 621 1889 674 prestolatur

434 692 685 733 aduentum.
748 690 814 731 Ibi
836 690 993 731 iterum
1015 695 1214 743 presente
1236 688 1379 730 fusore
1405 694 1450 730 et
1469 688 1553 730 hiis
1574 689 1649 743 qui
1670 702 1697 731 a
1717 690 1887 732 baroni-

434 760 517 800 bus
539 759 658 799 missi
690 763 791 799 sunt
813 757 1044 811 diligenter
1074 763 1384 811 computantur
1414 763 1459 799 et
1487 757 1620 798 fusori
1647 759 1888 801 traduntur.

435 827 558 881 Quos
589 826 659 868 ille
690 826 925 881 suscipiens
947 839 1080 868 manu
1101 826 1275 880 propria
1306 832 1506 868 numerat
1533 832 1577 868 et
1598 826 1660 867 sic
1691 827 1885 880 disponit

377 910 416 934 10
435 910 508 937 eos
544 896 587 936 in
621 895 845 937 vasculum
880 895 1115 949 ignitorum
1153 895 1348 936 cinerum
1377 895 1495 949 quod
1527 895 1571 936 in
1606 894 1778 936 fornace
1809 903 1888 938 est.

433 964 559 1005 Tunc
582 964 723 1018 igitur,
740 964 845 1005 artis
862 963 1020 1005 fusorie
1040 963 1136 1018 lege
1157 971 1343 1015 seruata,
1361 964 1518 1019 redigit
1535 978 1610 1006 eos
1627 964 1668 1005 in
1686 978 1888 1014 massam,

434 1032 626 1074 conflans
648 1039 691 1074 et
712 1033 950 1074 emundans
966 1037 1211 1085 argentum.
1274 1031 1478 1075 Ceterum
1496 1033 1740 1074 cauendum
1762 1039 1827 1074 est
1849 1033 1888 1074 ei

434 1115 490 1143 ne
524 1102 634 1143 citra
663 1101 903 1155 perfectum
933 1102 1144 1143 subsistat
1174 1101 1243 1143 vel
1278 1101 1539 1155 importunis
1570 1101 1886 1143 estuationibus

378 1176 414 1210 H
433 1176 565 1212 vexet
581 1170 687 1212 illud
703 1176 836 1224 atque
853 1176 1084 1212 consumat
1104 1184 1113 1221 ;
1145 1170 1249 1211 illud
1269 1177 1448 1225 propter
1464 1170 1590 1225 regis,
1607 1169 1690 1212 hoc
1707 1177 1888 1224 propter

374 1252 412 1284 15
431 1239 702 1281 vicecomitis
741 1239 950 1280 iacturam
971 1255 981 1290 ;
1029 1239 1106 1280 sed
1147 1240 1288 1280 modis
1329 1239 1533 1281 omnibus
1574 1239 1804 1293 prouideat
1844 1245 1889 1281 et

432 1314 596 1362 quanta
631 1313 832 1361 procuret
868 1307 1077 1348 industria
1111 1314 1158 1348 vt
1195 1320 1283 1348 non
1315 1313 1502 1349 vexetur
1532 1307 1608 1347 sed
1643 1307 1698 1348 ad
1729 1319 1885 1360 purum

432 1383 606 1420 tantum
642 1382 923 1429 excoquatur.
984 1375 1083 1416 Hoc
1114 1380 1261 1416 autem
1294 1376 1437 1429 ipsum
1463 1375 1693 1429 prouidere
1724 1375 1886 1416 debent

433 1446 493 1487 hii
538 1446 611 1499 qui
652 1445 707 1486 ad
751 1445 868 1486 idem
910 1444 1028 1485 missi
1067 1451 1168 1485 sunt
1203 1458 1229 1485 a
1269 1444 1517 1486 maioribus.
1578 1445 1718 1485 Facto
1754 1444 1887 1497 igitur

433 1514 634 1556 examine
662 1513 800 1555 defert
829 1513 935 1554 illud
972 1513 1240 1567 argentarius
1272 1513 1328 1554 ad
1364 1513 1544 1554 barones
1576 1512 1886 1554 comitantibus

373 1600 415 1624 20
432 1583 526 1634 illis,
543 1590 586 1624 et
607 1589 710 1624 tunc
736 1583 779 1623 in
805 1582 1002 1623 omnium
1023 1582 1159 1622 oculis
1177 1583 1389 1636 ponderat
1406 1581 1513 1623 illud
1537 1595 1636 1622 cum
1658 1581 1768 1623 libra
1788 1595 1885 1635 pre-

430 1652 546 1694 dicta
569 1651 773 1705 ponderis
794 1665 803 1701 ;
840 1650 1016 1704 supplet
1034 1656 1181 1692 autem
1205 1664 1311 1691 mox
1333 1651 1451 1704 quod
1472 1651 1582 1705 ignis
1599 1650 1885 1703 consumpsit,

429 1721 643 1776 appositis
659 1719 847 1761 denariis
864 1719 1060 1761 eiusdem
1077 1718 1206 1761 loculi
1223 1719 1363 1761 donec
1379 1720 1646 1773 equilibriter
1662 1732 1708 1760 se
1725 1719 1885 1760 habeat

430 1802 620 1832 examen
646 1802 745 1830 cum
763 1788 968 1842 pondere.
1028 1788 1155 1830 Tunc
1177 1788 1425 1830 inscribitur
1446 1788 1562 1829 idern
1584 1801 1788 1839 examen,
1810 1788 1884 1828 de-

429 1872 560 1913 super
582 1859 713 1900 ducta
729 1864 858 1906 creta,
874 1857 958 1898 hiis
978 1857 1155 1906 verbis‚‘
1175 1857 1499 1900 Euerwicscira.
1554 1857 1689 1899 Libra
1703 1857 1805 1898 arsit
1819 1862 1886 1899 tot

371 1948 410 1980 ²5
430 1928 497 1970 vel
526 1934 592 1970 tot
623 1926 834 1978 denariis:
855 1934 900 1969 et
930 1933 1034 1968 tunc
1066 1926 1173 1967 illud
1203 1926 1390 1968 essaium
1421 1926 1591 1968 dicitur.
1641 1927 1744 1967 Non
1770 1926 1883 1966 enim

432 1997 681 2038 inscribitur
701 1997 782 2037 nisi
804 2009 1090 2050 preconcesso
1111 1995 1230 2049 quod
1253 1995 1314 2037 sic
1335 2002 1449 2037 stare
1470 1995 1642 2037 debeat.
1695 1994 1827 2048 Quod
1849 1994 1884 2036 si

428 2066 669 2108 vicecomes
704 2066 826 2106 cuius
863 2071 929 2107 est
965 2064 1284 2118 calumpniatus
1317 2063 1445 2106 fuerit
1480 2064 1587 2105 illud
1626 2064 1750 2116 quasi
1787 2062 1884 2117 plus

427 2134 542 2176 iusto
570 2139 881 2187 consumptum
912 2133 1055 2182 fuerit,
1095 2133 1206 2186 ignis
1241 2132 1404 2174 scilicet
1439 2146 1496 2174 ex
1532 2132 1776 2174 estuatione
1814 2131 1883 2173 vel

428 2202 599 2257 plumbi
633 2202 859 2252 infusione,
886 2201 956 2243 vel
986 2202 1117 2242 etiam
1151 2200 1270 2242 fusor
1305 2201 1397 2254 ipse
1431 2201 1626 2254 qualibet
1656 2201 1883 2241 occasione

370 2289 411 2320 30
429 2272 636 2313 defecisse
658 2271 846 2313 fateatur
862 2284 1064 2320 examen,
1087 2270 1242 2311 iterum
1264 2276 1546 2312 numerentur
1566 2283 1643 2311 xx.
1659 2268 1787 2309 solidi
1808 2269 1883 2322 qui

428 2340 586 2382 residui
604 2348 706 2381 sunt
718 2340 761 2381 in
781 2339 924 2381 loculo
942 2339 1140 2394 predicto
1158 2352 1305 2380 coram
1322 2338 1568 2385 baronibus,
1585 2337 1696 2378 sicut
1718 2336 1881 2378 dictum

428 2416 507 2459 est,
536 2416 579 2450 et
608 2410 763 2450 eadem
791 2409 961 2450 ratione
981 2413 1155 2448 seruata
1176 2406 1253 2447 fiat
1281 2419 1480 2447 examen.
1532 2405 1651 2446 Hinc
1671 2405 1751 2446 tibi
1777 2418 1881 2446 con-

428 2484 543 2519 stare
566 2484 711 2532 potest
741 2491 829 2532 qua
850 2475 1197 2518 consideratione
1217 2475 1273 2516 de
1299 2488 1455 2516 aceruo
1476 2488 1636 2528 magno
1658 2474 1881 2528 proposite

428 2547 611 2600 pecunie
632 2547 754 2587 xliiii.
777 2546 905 2588 solidi
925 2559 1118 2587 seorsum
1140 2544 1196 2585 ab
1227 2543 1351 2585 initio
1373 2544 1603 2585 mittantur
1623 2543 1667 2584 in
1690 2542 1879 2585 loculum

367 2606 410 2673 3}
431 2615 635 2667 apposito
647 2615 912 2657 vicecomitis
929 2614 1085 2669 sigillo.
1144 2613 1403 2655 Notandum
1422 2625 1525 2654 vero
1546 2618 1612 2653 est
1628 2612 1747 2666 quod
1764 2611 1881 2653 fusor

477 2735 496 2770 7
525 2727 579 2762 Ibi
598 2739 666 2762 om.
684 2729 720 2762 R
857 2729 899 2764 16
925 2726 1110 2774 procuret]
1129 2738 1195 2772 pro
1213 2737 1299 2762 cure
1314 2726 1350 2761 R
1496 2733 1536 2769 17
1563 2725 1684 2771 ipsum
1701 2731 1827 2761 autem
1844 2725 1880 2759 R

429 2773 581 2817 debent]
602 2775 728 2809 dicunt
747 2775 792 2809 N
862 2777 906 2810 26
927 2774 1184 2820 preconcessio
1201 2774 1248 2808 N
1329 2773 1373 2808 28
1393 2780 1611 2818 consumpto
1625 2773 1656 2809 C
1710 2778 1878 2809 exestua-

427 2821 528 2856 tione
544 2822 606 2855 N:
634 2832 678 2856 ex
691 2821 934 2858 estuationem
951 2823 988 2857 R
1083 2831 1123 2867 31
1151 2820 1318 2867 predicto
1339 2819 1457 2856 loculo
1478 2820 1510 2857 C
