2022 3281
123 187 160 219 11
183 192 214 219 x
236 173 287 235 L]
613 177 702 220 DE
735 177 1096 222 SCACCARIO
1498 192 1579 235 139

122 291 316 333 locorum
353 289 575 344 positione
609 291 843 332 videantur
875 305 955 346 pro
985 290 1233 333 enormibus
1269 292 1406 346 culpis
1442 294 1580 335 delin-

120 360 350 414 quentium
385 360 441 400 ad
472 359 626 400 fiscum
658 361 933 414 pertinentia.

176 427 436 481 Dz'scz'pulus.
498 428 636 469 Miror
677 442 805 482 super
845 429 927 470 hiis
968 443 1053 483 que
1094 429 1259 471 dixisti.
1326 430 1423 472 Nec
1463 430 1579 472 enim

119 510 218 538 cum
250 497 466 550 prioribus
499 503 614 538 stare
645 511 774 550 posse
804 498 1015 539 videntur.
1078 498 1190 540 Cum
1231 499 1348 540 enim
1383 500 1577 552 ascripti-

118 565 278 606 tiorum
301 565 491 606 dominis
510 566 694 607 liberum
712 567 781 617 sit,
799 581 884 607 non
907 567 1047 608 solum
1066 567 1163 609 illos
1180 568 1411 609 transferre
1426 581 1575 609 verum
1596 586 1614 619 5

118 634 252 674 etiam
285 634 616 688 quibuscunque
650 635 791 677 modis
822 636 1072 684 distrahere,
1104 636 1215 678 sicut
1245 650 1376 689 supra
1411 636 1575 677 dictum

118 709 196 752 est,
239 710 282 744 et
323 717 410 744 non
450 710 624 745 tantum
658 703 914 745 catallorum
956 711 1022 745 set
1062 711 1104 745 et
1145 719 1376 759 corporum
1420 706 1576 746 merito

117 771 284 812 domini
318 779 585 826 reputentur,
610 773 856 814 mirandum
887 780 954 815 est
985 787 1084 814 cum
1122 774 1324 815 dominus
1360 787 1502 814 rerum
1532 780 1575 816 et
1595 777 1629 808 K

115 840 306 882 hominis
336 841 395 882 rei
428 841 488 881 nil
519 841 746 895 delinquat
776 842 819 882 in
852 841 995 895 legem
1029 856 1162 895 quare
1194 843 1466 897 possessione
1496 856 1575 884 sua

115 910 323 962 priuetur.
384 910 535 951 Videri
556 911 672 951 enim
694 911 856 951 iustum
878 917 1025 964 posset
1046 918 1093 952 vt
1119 912 1229 965 regis
1255 911 1509 953 constitutio
1531 912 1574 952 in
1596 929 1637 952 10

115 992 347 1031 personam
365 978 658 1033 delinquentis
679 978 853 1032 puniret
879 992 1123 1030 excessum,
1140 980 1320 1021 mobilia
1344 994 1447 1021 vero
1473 994 1573 1022 cum

116 1047 221 1100 ipsis
246 1048 390 1088 fundis
412 1047 455 1088 in
475 1061 578 1088 vsus
600 1047 879 1089 dominorum
902 1048 1119 1090 cederent.

172 1116 404 1169 spsagz'ster.
465 1117 620 1158 Mouet
658 1123 703 1157 te
746 1116 864 1170 quod
897 1130 969 1158 me
1009 1117 1159 1159 mouit.
1220 1118 1384 1159 Verum
1417 1119 1459 1159 in
1490 1118 1573 1160 hiis

114 1184 292 1239 longam
334 1185 425 1226 fieri
466 1198 634 1226 moram
670 1184 938 1237 superfluum
976 1187 1114 1236 credo,
1156 1200 1254 1227 cum
1297 1187 1353 1227 ab
1389 1187 1572 1240 inceptis

115 1255 301 1307 negotiis
323 1255 464 1295 aliena
485 1254 583 1295 sint.
642 1254 704 1294 Vt
729 1260 878 1294 tamen
908 1254 987 1295 tibi
1016 1254 1197 1296 satisfiat
1228 1261 1406 1309 propter
1430 1256 1570 1297 solam
1593 1269 1630 1302 15

114 1323 224 1377 regis
252 1323 431 1365 assisam
462 1323 524 1364 sic
552 1335 647 1363 esse
672 1335 924 1376 cognoscas.
986 1324 1083 1364 Nec
1113 1324 1228 1364 enim
1260 1330 1325 1365 est
1356 1325 1430 1378 qui
1453 1326 1571 1378 regie

114 1391 424 1442 constitutioni,
464 1405 550 1445 que
590 1405 670 1445 pro
710 1391 830 1432 bono
870 1392 989 1446 pacis
1029 1392 1091 1441 fit,
1119 1393 1299 1434 obuiare
1335 1401 1571 1447 presumat.

113 1460 246 1513 Quod
276 1462 311 1502 si
344 1460 532 1502 dominis
558 1459 716 1501 catalla
746 1474 921 1502 suorum
953 1475 1030 1514 per
1064 1462 1244 1503 assisam
1273 1463 1569 1516 condempna-

112 1536 257 1570 torum
294 1530 580 1583 prouenirent,
613 1528 725 1571 forte
754 1528 872 1583 (quia
902 1530 1152 1583 cupiditatis
1183 1530 1374 1572 humane
1403 1532 1570 1574 fervida

111 1598 203 1639 sitis
226 1599 268 1638 in
296 1599 440 1640 medio
457 1599 601 1653 posita
622 1596 706 1653 est)
728 1605 906 1652 propter
923 1599 1145 1641 modicum
1162 1607 1367 1653 questum
1389 1601 1567 1654 quidam
1590 1619 1631 1641 20

111 1667 155 1707 in
195 1681 346 1708 necem
380 1681 558 1708 suorum
600 1668 733 1709 etiam
775 1668 1073 1710 innocentium
1113 1676 1424 1723 grassarentur.
1480 1670 1568 1712 Ea-

111 1743 290 1790 propter
325 1750 404 1778 rex
436 1737 529 1791 ipse
560 1737 629 1778 cui
662 1737 876 1791 generalis
907 1744 972 1779 est
1010 1744 1055 1779 et
1085 1751 1111 1779 a
1141 1739 1227 1779 deo
1262 1738 1430 1780 credita
1466 1752 1568 1780 cura

111 1804 401 1856 subditorum,
431 1805 511 1847 hec
545 1806 606 1846 ita
641 1805 833 1847 decreuit
866 1812 913 1847 vt
948 1806 1009 1848 sic
1045 1806 1105 1847 rei
1141 1805 1227 1859 legi
1257 1807 1567 1848 satisfacientes

111 1887 291 1927 corpore
312 1874 548 1928 puniantur
569 1880 613 1915 et
638 1874 817 1915 retentis
842 1874 923 1915 sibi
944 1875 1026 1928 ipsi
1050 1875 1296 1925 mobilibus,
1318 1876 1568 1917 domesticis

110 1942 320 1991 hostibus,
352 1942 434 1984 hoc
467 1948 532 1983 est
567 1942 757 1984 dominis
791 1943 892 1994 suis,
925 1957 1011 1984 non
1042 1950 1332 1997 exponantur.
1390 1944 1568 1996 Verum,
1588 1962 1630 1995 ²5.

111 2010 224 2052 sieut
251 2010 340 2052 iam
369 2010 575 2058 diximus,
605 2010 699 2052 sola
728 2011 841 2064 regis
873 2012 1141 2063 constitutio,
1171 2019 1353 2066 vrgente
1383 2014 1568 2055 necessi-

111 2085 218 2130 tate,
257 2092 337 2132 pro
384 2079 501 2120 bono
546 2080 667 2133 pacis
713 2079 831 2121 facta
869 2079 998 2122 huius
1038 2080 1278 2134 questionis
1318 2081 1567 2136 principalis

111 2147 271 2188 solutio
288 2154 366 2189 est.

167 2215 428 2269 Discz'pulus.
497 2217 642 2258 Video
683 2218 803 2271 quod
839 2231 927 2258 non
962 2217 1054 2259 sine
1089 2231 1220 2259 causa
1261 2216 1335 2259 fit:
1380 2231 1493 2260 nunc
1533 2219 1568 2261 si

111 2284 254 2338 placet
272 2298 545 2339 prosequere.
604 2286 769 2328 Verum
787 2292 922 2327 restat
939 2286 982 2326 in
1000 2286 1337 2339 precedentibus
1356 2287 1566 2341 quiddam
1587 2310 1630 2342 30

111 2356 229 2409 quod
250 2355 406 2397 vellem
435 2356 580 2405 altius,
607 2355 643 2396 si
669 2355 825 2409 placet,
847 2356 1059 2409 expediri.
1120 2357 1286 2397 Dixisti
1312 2357 1426 2398 enim
1449 2358 1567 2410 quod

109 2423 391 2478 fugitiuorum
413 2430 458 2466 et
487 2423 786 2465 mutilatorum
815 2438 893 2478 per
919 2424 1101 2465 assisam
1130 2425 1311 2466 mobilia
1339 2439 1426 2466 non
1451 2440 1568 2466 sum·
1585 2439 1615 2471 L

111 2493 279 2534 monita
318 2494 376 2534 ad
416 2492 679 2534 scaccarium
716 2493 969 2534 deferuntur
1009 2498 1052 2534 et
1092 2493 1135 2534 in
1175 2493 1318 2534 annali
1358 2507 1438 2536 suo
1468 2494 1567 2536 loco

111 2561 369 2602 scribuntur.
430 2559 550 2615 Quid
582 2568 731 2603 autem
763 2561 819 2602 de
850 2561 1092 2616 predonum
1123 2562 1193 2603 vel
1224 2561 1367 2603 furum
1399 2563 1569 2606 catallis

158 2711 179 2746 3
206 2699 304 2745 Nec]
325 2702 413 2737 Non
431 2701 466 2736 R
545 2709 563 2746 5
589 2699 680 2746 non]
700 2701 737 2737 in
754 2702 790 2736 R
866 2709 886 2744 7
905 2702 1095 2746 posterius
1110 2709 1146 2738 et
1164 2713 1232 2738 om.
1248 2704 1285 2738 R
1357 2712 1399 2748 13
1428 2702 1564 2748 Mouit]

110 2755 234 2784 movet
250 2748 298 2782 N
406 2748 448 2784 16
474 2754 529 2783 est
547 2760 615 2783 om.
637 2749 669 2784 C
787 2749 827 2784 18
853 2748 1111 2784 damnatorum
1131 2749 1163 2786 C
1271 2759 1313 2786 21
1340 2761 1492 2786 necesse
1508 2751 1566 2786 R:

110 2806 262 2830 neccem
281 2795 328 2830 N
413 2804 457 2840 23
483 2795 574 2840 legis
593 2797 627 2830 R
718 2796 763 2830 26
788 2794 967 2831 institutio
985 2796 1062 2832 NR
1150 2806 1191 2842 31
1220 2797 1250 2833 si
1267 2798 1389 2844 placet
1407 2798 1519 2834 altius
1541 2797 1573 2834 C

111 2851 154 2887 32
181 2849 218 2878 et
236 2853 302 2878 om.
321 2843 357 2878 R
450 2851 496 2887 34
521 2840 657 2889 furum]
677 2842 803 2878 finium
821 2843 857 2878 R
