2022 3281
474 195 558 239 234
957 182 1043 224 DE
1075 178 1435 223 scACCARlo

473 295 732 344 scaccarium3
763 308 835 334 nec
856 294 902 333 de
923 302 1049 334 cetero
1075 293 1204 332 credat
1231 291 1450 330 Senescallo
1475 291 1636 331 alicuius
1662 292 1823 332 Baronis
1851 306 1919 344 per

473 361 608 401 Fidem
636 374 744 399 suam
771 373 840 411 pro
867 360 1055 410 aliquibus
1082 358 1241 404 debitis;
1278 357 1329 394 Et
1356 356 1496 395 habeat
1523 357 1660 396 breue’
1680 356 1843 408 (quoted
1868 360 1920 408 by

473 425 631 473 Madox‚
647 426 702 464 H.
717 425 766 463 E.
782 426 885 462 xxiii.
902 425 920 473 ξ
934 426 968 470 6,
984 436 1022 473 p.
1040 425 1128 468 662,
1144 429 1233 460 note
1248 420 1297 474 c).
1352 425 1362 441 ‘
1378 421 1547 459 Baronia
1559 420 1567 435 '
1589 422 1620 460 is
1639 422 1729 461 here
1748 423 1843 462 used
1862 423 1920 462 for

472 490 537 529 the
568 490 728 541 holding
752 490 796 528 of
824 502 899 540 any
930 486 1246 527 tenant-in-chief
1257 500 1265 526 :
1295 486 1342 526 cf.
1370 487 1422 524 11.
1447 486 1523 524 xxi.
1550 486 1587 524 A
1613 487 1748 536 below,
1780 488 1921 526 ‘Miles

473 567 561 593 vero
575 567 687 605 super
699 555 828 593 debito
841 554 996 605 proprio
1008 565 1089 592 non
1103 549 1363 598 satisfaciens,’
1380 559 1452 590 ete.
1485 554 1495 570 ‘
1504 550 1706 591 Generalis
1718 553 1897 592 economi
1910 553 1919 568 ’

473 617 512 670 (l.
536 619 602 671 26)
622 621 653 657 is
672 632 695 657 a
715 619 932 658 classicism.

527 684 568 722 P.
602 687 687 731 151,
716 684 739 721 1.
771 697 830 733 34.
862 687 912 722 in
939 685 1236 722 memorandis
1265 682 1503 721 scaccarii:
1542 680 1590 719 cf.
1611 681 1662 719 II.
1682 681 1716 720 ii.
1737 681 1773 720 A
1800 683 1922 722 above

474 749 548 787 and
571 756 670 787 note.

525 813 565 851 P.
601 818 687 860 152,
718 814 741 851 1.
772 828 806 861 4.
835 817 970 853 fidem
999 816 1095 852 eius
1123 815 1171 850 in
1199 813 1436 851 comitatu:
1470 811 1516 849 cf.
1545 811 1587 848 P.
1618 811 1666 848 R.
1700 824 1748 849 10
1779 811 1861 849 Ric.
1890 810 1922 858 1,

472 885 543 916 rot.
579 881 642 926 46,
670 892 721 917 m.
751 892 770 916 2
801 880 910 918 Lz'nc.
943 879 1176 916 ‘Willelmus
1201 878 1248 916 de
1272 877 1385 915 Areci
1412 877 1527 915 debet
1557 889 1573 914 1
1604 889 1787 923 marcam,
1807 884 1848 914 ut
1877 878 1924 914 sit

473 944 621 993 quietus
655 944 702 982 de
736 945 809 983 hoc
840 944 945 994 quod
978 956 1057 982 non
1087 944 1174 982 fecit
1201 955 1340 992 pacem
1369 941 1418 979 ad
1447 941 1687 979 Scaccarium
1717 941 1764 979 de
1793 941 1923 979 debito

473 1008 630 1046 Domini
651 1010 709 1046 sui
729 1010 824 1047 sicut
844 1009 1065 1047 affidauerat
1085 1009 1124 1046 in
1145 1008 1328 1047 comitatu
1341 1007 1349 1022 ’
1370 1005 1530 1059 (quoted
1549 1007 1600 1057 by
1621 1006 1780 1054 Madox,
1797 1006 1854 1044 H.
1870 1006 1922 1044 E.

473 1074 577 1111 xxiii.
599 1074 617 1123 ξ
638 1076 671 1121 6,
693 1087 730 1124 p.
753 1077 841 1120 662,
862 1083 951 1113 note
973 1074 1022 1124 b).

580 1139 604 1177 1.
637 1153 695 1179 11.
725 1144 798 1178 vel
818 1142 1076 1186 capientur:
1107 1151 1170 1177 see
1190 1137 1242 1176 Π.
1264 1138 1286 1177 i.
1309 1137 1341 1176 C
1362 1138 1494 1176 above.

581 1205 601 1242 l.
638 1216 697 1254 15.
728 1207 845 1244 sicut
865 1217 1001 1251 supra
1020 1205 1242 1242 diximus:
1271 1203 1301 1240 I.
1322 1216 1355 1240 v,
1379 1203 1420 1240 H
1441 1203 1574 1241 above.

582 1269 605 1307 1.
639 1283 698 1319 23.
728 1275 828 1317 post
856 1273 1052 1308 solutum
1079 1271 1363 1307 scaccarium.
1433 1267 1531 1305 This
1559 1274 1711 1305 custom
1738 1266 1924 1317 persisted

474 1340 512 1371 at
537 1346 560 1371 a
585 1334 678 1373 later
707 1336 804 1373 date.
861 1335 1011 1372 Madox
1039 1341 1175 1384 quotes
1205 1334 1302 1372 from
1323 1334 1371 1370 L.
1396 1332 1438 1370 T.
1458 1333 1511 1370 R.
1534 1332 1792 1370 Memoranda
1822 1331 1923 1378 Roll,

479 1411 494 1435 1
518 1399 594 1437 and
617 1413 636 1437 2
658 1400 765 1438 Edw.
786 1401 815 1446 Ι,
836 1412 887 1438 rn.
910 1413 931 1448 3
953 1412 975 1436 a
992 1414 1003 1448 3
1032 1398 1159 1445 ‘Quia
1179 1398 1311 1436 Petrus
1331 1398 1379 1435 de
1407 1397 1533 1435 Neuill
1558 1397 1623 1446 qui
1647 1404 1796 1434 tenetur
1823 1397 1923 1447 Regi

473 1464 512 1500 in
532 1464 690 1502 diuersis
710 1465 845 1503 debitis
864 1472 901 1503 et
920 1476 990 1514 pro
1008 1464 1153 1502 eisdem
1174 1463 1342 1501 affidauit
1368 1462 1594 1500 Marescallo
1616 1474 1747 1500 coram
1775 1461 1922 1500 Baron-

473 1528 557 1566 ibus
581 1530 628 1568 de
660 1530 870 1577 scaccario,
898 1537 935 1568 et
960 1529 1090 1568 clauso
1117 1528 1328 1574 Scaccario,
1359 1528 1573 1566 secundum
1602 1527 1924 1566 consuetudinem

474 1593 658 1643 eiusdem,
690 1595 870 1634 liberatus
903 1595 972 1632 fuit
1001 1595 1040 1631 in
1078 1594 1232 1644 prisona
1267 1592 1398 1642 Regis,
1433 1599 1470 1630 et
1502 1599 1635 1642 postea
1673 1604 1741 1642 per
1778 1593 1923 1630 bonam

473 1661 815 1710 manucapcionem
845 1657 1046 1704 liberatus‚’
1067 1665 1138 1696 etc.
1167 1656 1239 1709 (H.
1260 1658 1311 1695 E.
1332 1657 1433 1695 xxiii.
1454 1657 1472 1706 ξ
1497 1670 1559 1703 22,
1578 1669 1614 1707 p.
1637 1659 1727 1706 699,
1748 1665 1838 1696 note
1857 1656 1922 1708 w).

474 1722 550 1762 For
586 1725 745 1763 another
777 1724 933 1763 method
972 1723 1018 1762 cf.
1059 1723 1327 1770 Memoranda,
1370 1735 1415 1760 22
1454 1720 1556 1759 Hen.
1593 1722 1666 1768 ΙΙΙ,
1706 1729 1778 1760 rot.
1821 1735 1864 1760 11
1897 1723 1923 1760 b

475 1791 484 1807 ‘
506 1788 604 1826 War.
636 1790 745 1838 Leyc.
777 1790 1016 1829 Concessum
1047 1795 1103 1826 est
1135 1787 1324 1825 Warnero
1359 1787 1406 1825 de
1441 1786 1672 1837 Hamstaple
1705 1786 1924 1826 Senescallo

471 1852 632 1892 Dauidis
659 1855 707 1893 de
738 1854 940 1905 Lymesye,
967 1853 1074 1904 quod
1104 1853 1257 1891 recedat
1282 1859 1323 1890 ut
1351 1852 1456 1902 priso
1485 1865 1556 1902 pro
1585 1851 1722 1890 debitis
1750 1852 1924 1890 eiusdem

472 1918 634 1957 Dauidis
666 1932 789 1971 usque
828 1920 876 1958 ad
913 1919 1053 1957 festum
1091 1918 1128 1957 S.
1168 1917 1396 1966 Michaelis3
1435 1918 1484 1955 ita
1522 1917 1627 1967 quod
1660 1923 1752 1955 tunc
1785 1916 1926 1955 habeat

472 1983 572 2022 dicta
599 1985 725 2023 debita
743 1985 801 2023 vel
821 1985 950 2023 redeat
970 1981 1093 2035 priso’
1115 1981 1276 2035 (quoted
1296 1983 1347 2033 by
1367 1982 1527 2030 Madox,
1548 1982 1604 2023 H.
1623 1981 1675 2020 E.
1695 1982 1797 2020 xxiii.
1819 1982 1838 2032 ξ
1861 1994 1923 2030 22,

471 2062 510 2100 p.
535 2051 624 2100 699,
645 2058 734 2089 note
746 2049 804 2103 y).

580 2115 603 2153 1.
636 2125 696 2163 25.
726 2119 858 2154 Miles
877 2127 982 2154 vero
1001 2126 1136 2161 super
1155 2115 1307 2152 debito
1326 2114 1529 2160 proprio:
1559 2112 1633 2150 this
1648 2112 1679 2149 is
1695 2111 1758 2149 the
1774 2117 1925 2149 tenant-

473 2180 635 2219 in-chief
648 2181 810 2227 himself,
830 2187 898 2218 not
917 2180 980 2218 the
1001 2179 1172 2218 steward.
1229 2177 1333 2216 Note
1357 2178 1438 2216 that
1467 2178 1530 2216 the
1556 2175 1870 2215 tenant-in-chief
1893 2177 1925 2214 is

472 2253 540 2284 not
568 2246 798 2296 necessarily
826 2258 850 2283 a
877 2245 1024 2295 might,
1053 2246 1121 2282 but
1149 2245 1176 2282 it
1203 2244 1235 2282 is
1263 2250 1332 2281 not
1360 2243 1461 2282 clear
1489 2242 1587 2280 what
1616 2241 1742 2280 would
1769 2241 1925 2291 happen

472 2318 512 2349 to
537 2311 616 2348 him
644 2311 675 2348 if
698 2312 746 2350 he
774 2324 872 2350 were
899 2319 967 2349 not
995 2323 1018 2349 a
1046 2309 1192 2359 knight.
1249 2308 1307 2347 Cf.
1338 2308 1368 2347 Ι.
1397 2321 1431 2346 ν.
1461 2308 1502 2346 H
1531 2309 1652 2346 above
1686 2307 1764 2345 ‘ita
1795 2313 1925 2345 tamen

472 2376 504 2415 si
522 2376 655 2415 miles?

528 2442 569 2479 P.
594 2446 681 2487 153,
701 2441 724 2480 l.
752 2455 809 2490 19.
838 2452 978 2487 vsque
999 2443 1056 2479 ad
1075 2442 1371 2479 scaccarium:
1411 2438 1434 2476 i.
1447 2451 1479 2476 e.
1499 2450 1550 2488 up
1572 2444 1611 2475 to
1631 2436 1696 2474 the
1717 2436 1865 2475 session
1884 2434 1930 2474 of

474 2507 537 2545 the
555 2506 793 2557 Exchequer.

580 2572 603 2609 1.
636 2586 654 2610 2
663 2583 696 2620 5.
725 2574 810 2610 His
834 2575 978 2610 fateor
1003 2582 1099 2617 ego,
1155 2569 1245 2608 The
1264 2569 1386 2606 writer
1414 2567 1508 2606 does
1532 2573 1600 2604 not
1619 2566 1833 2605 contradict
1851 2564 1925 2604 this

476 2636 643 2686 opinion,
670 2638 738 2674 but
771 2649 884 2687 urges
914 2636 994 2674 that
1023 2636 1087 2673 the
1114 2634 1249 2673 sheriff
1269 2641 1371 2671 must
1394 2632 1508 2670 make
1537 2644 1623 2670 sure
1646 2631 1729 2669 that
1750 2631 1815 2669 the
1840 2629 1924 2672 lord

475 2700 545 2739 has
564 2701 679 2750 really
698 2702 807 2740 acted
826 2702 926 2739 mala
935 2702 1016 2752 fide
1035 2700 1167 2739 before
1187 2700 1234 2738 he
1256 2699 1395 2737 refuses
1414 2697 1473 2735 his
1492 2696 1670 2748 personal
1688 2703 1905 2747 guarantee.

583 2764 605 2802 1.
637 2768 696 2813 36.
728 2778 785 2804 ex
803 2768 1169 2813 precedentibus:
1199 2765 1222 2802 i,
1238 2777 1268 2802 e.
1290 2764 1467 2813 chapters
1489 2762 1669 2800 xiv-xxii.

527 2829 570 2870 P.
605 2833 691 2879 154,
721 2830 743 2869 l.
774 2844 809 2880 9.
838 2842 919 2878 pro
946 2833 1153 2870 libertate
1182 2832 1352 2876 aliqua:
1395 2842 1427 2867 e.
1441 2841 1477 2879 g.
1508 2828 1554 2868 P.
1582 2827 1630 2865 R.
1662 2839 1709 2877 13
1739 2824 1843 2865 Hen.
1870 2824 1923 2873 ΙΙ,
