2022 3281
182 199 218 231 11
240 186 391 247 xxiiii]
640 190 726 232 DE
789 189 1145 234 SCACCARIO
1551 202 1634 246 155

181 304 319 358 sequii
340 303 508 358 prestiti
531 303 599 346 vel
628 304 722 346 solo
752 305 940 347 caritatis
967 305 1126 348 intuitu
1147 320 1157 357 ;
1191 305 1455 360 quibusdam
1477 311 1637 356 autem,

180 372 277 427 lege
298 372 568 414 condicionis
589 371 792 421 humane,
814 387 890 416 nec
922 388 1049 427 prece
1070 388 1149 416 nec
1171 374 1318 429 pretio
1346 375 1443 416 vult
1459 375 1638 428 adquie-

179 455 309 492 scere,
341 442 618 483 obstantibus
650 442 867 483 interdum
905 456 1054 483 eorum
1086 444 1260 494 meritis,
1301 443 1375 497 qui
1413 444 1636 498 possidere

180 517 428 561 noscuntur,
445 509 512 551 vel
528 511 639 551 forte
657 512 839 564 propriis
852 511 1166 564 postulantium
1184 512 1346 552 meritis
1360 526 1635 566 nequaquam

178 579 260 619 hoc
290 579 584 632 exigentibus,
604 579 706 633 quia
734 580 802 621 vel
832 580 875 621 in
906 594 1099 634 regnum,
1131 580 1199 621 vel
1228 581 1271 621 in
1302 594 1448 634 regem
1479 580 1633 634 ipsum,
1653 599 1670 631 5

179 646 341 700 aliquid
374 647 603 702 deliquisse
631 648 870 702 culpantur.
933 649 1003 690 De
1034 649 1099 690 his
1129 656 1275 691 autem
1313 650 1373 690 sic
1410 649 1633 691 constituit

179 729 256 756 rex
283 716 461 769 insignis
488 722 535 757 vt
563 723 799 770 antequam
827 723 994 759 rectum
1022 717 1265 768 habuerint,
1292 718 1375 759 hoc
1404 724 1481 766 est,
1510 723 1632 759 ante-

178 799 310 838 quam
333 799 411 838 per
431 786 692 827 sententiam
717 786 996 838 obtinuerint,
1010 787 1078 828 vel
1101 801 1145 828 re
1166 787 1245 828 sibi
1268 787 1441 840 penitus
1462 786 1631 827 abiudi-

177 859 287 904 cata,
323 853 379 894 ab
416 855 536 895 omni
571 868 648 909 spe
689 855 933 906 ceciderint,
969 856 1024 896 de
1061 856 1221 897 oblatis
1263 855 1322 896 nil
1353 855 1536 906 soluant,
1566 862 1632 897 set

178 922 360 963 sufficiat
401 923 456 963 de
498 922 749 964 huiusmodi
793 923 1096 964 vicecomitem
1133 924 1406 977 respondere,
1439 928 1631 965 ‘rectum
1654 940 1693 964 10

178 991 372 1032 nondum
404 990 674 1033 habuerunt!
739 990 972 1033 Prouideat
1003 999 1151 1033 tamen
1191 993 1429 1034 vicecomes
1461 1006 1515 1033 ne
1555 1006 1634 1046 per

177 1060 319 1112 ipsum
342 1060 585 1101 debitorem
607 1067 694 1101 stet
718 1060 951 1113 quominus
972 1074 1101 1102 causa
1124 1061 1214 1102 eius
1236 1061 1486 1102 executioni
1508 1075 1629 1102 man-

177 1129 304 1169 detur
333 1128 368 1169 si
397 1128 562 1169 scilicet
593 1128 671 1169 iuri
702 1142 748 1169 se
779 1128 887 1170 nolit
924 1129 1088 1178 offerre,
1114 1136 1160 1171 vt
1185 1129 1267 1171 hac
1298 1136 1390 1171 arte
1420 1129 1633 1183 promissa

176 1197 255 1237 sibi
293 1197 478 1250 pecunia
507 1211 586 1238 rex
621 1196 855 1238 fraudetur.
917 1196 1029 1238 Cum
1071 1198 1186 1238 enim
1233 1198 1315 1239 hoc
1356 1205 1631 1251 compertum

176 1264 302 1307 fuerit
330 1264 456 1306 dolus
477 1266 515 1307 ei
538 1278 627 1306 non
649 1266 893 1316 subueniet,
918 1272 984 1306 set
1006 1279 1083 1320 per
1105 1266 1252 1307 omnia
1282 1266 1343 1307 sic
1364 1266 1632 1308 coercebitur
1653 1284 1690 1316 15

175 1347 225 1374 ac
255 1334 290 1374 si
321 1347 399 1387 per
427 1334 689 1376 sententiam
723 1333 1009 1385 obtinuisset3
1049 1334 1175 1375 huius
1211 1341 1358 1376 autem
1391 1342 1631 1388 spontanee

175 1402 394 1444 dilationis
419 1409 484 1443 est
511 1402 682 1456 signum
711 1415 809 1444 cum
838 1402 970 1444 breue
995 1402 1108 1456 regis
1129 1415 1263 1455 penes
1284 1416 1331 1444 se
1355 1404 1550 1445 detinens
1578 1417 1630 1445 eo

175 1484 261 1511 non
299 1471 447 1512 vtitur.
529 1469 653 1512 Solet
693 1476 842 1512 tamen
887 1484 986 1512 cum
1026 1471 1106 1520 his,
1149 1472 1381 1513 miserente
1420 1472 1628 1526 principe,

174 1539 319 1581 mitius
341 1540 412 1594 agi
435 1539 508 1592 qui
530 1546 631 1593 post
652 1540 907 1593 promissam
930 1540 1159 1595 pecuniam
1181 1554 1207 1581 a
1229 1554 1358 1581 causa
1380 1542 1553 1591 cadunt,
1576 1555 1629 1581 ne

172 1621 250 1662 spe
293 1622 371 1649 sua
407 1608 608 1659 frustrati,
644 1609 771 1650 rebus
808 1609 937 1650 etiam
978 1609 1070 1651 sine
1105 1609 1404 1652 emolumento
1437 1610 1627 1663 spoliati,
1650 1627 1689 1648 20

172 1676 334 1732 duplici
357 1678 617 1719 contritione
637 1684 931 1720 conterantur.

230 1745 343 1788 Sunt
375 1747 479 1787 item
511 1746 629 1788 tertii
660 1747 829 1800 generis
861 1746 1156 1795 obuentiones‚
1188 1760 1274 1800 que
1308 1760 1394 1789 non
1423 1736 1627 1789 videntur
1649 1755 1774 1793 xxiiii

173 1828 344 1868 prorsus
381 1815 492 1856 inter
527 1815 676 1856 oblata
717 1815 1024 1870 computande,
1063 1822 1130 1857 set
1171 1815 1311 1869 magis
1347 1814 1531 1856 ‘Fines’
1567 1815 1624 1857 ad

173 1883 435 1924 scaccarium
457 1884 672 1925 dicuntur.
735 1883 848 1925 Cum
864 1884 1026 1925 scilicet
1047 1884 1102 1925 de
1122 1897 1223 1938 rege
1244 1891 1396 1926 tenens
1417 1885 1460 1925 in
1481 1885 1624 1938 capite

172 1951 409 2001 baroniam,
431 1951 582 1994 relicto
602 1951 772 2000 herede,
791 1953 1032 2002 decesserit,
1049 1958 1092 1993 et
1115 1953 1231 1994 idem
1253 1953 1377 1994 heres
1400 1966 1497 1995 cum
1524 1967 1625 2008 rege
1645 1973 1660 1994 2
1667 1972 1684 2004 5

172 2023 216 2062 in
237 2033 370 2074 quam
387 2026 534 2074 potest
555 2033 772 2062 summam
791 2021 1026 2074 componit,
1043 2028 1089 2062 vt
1105 2022 1271 2075 paterni
1289 2022 1391 2062 iuris
1409 2029 1625 2064 mereatur

172 2091 424 2143 ingressum,
446 2102 575 2142 quem
604 2088 735 2130 finem
766 2092 774 2109 ‘
793 2088 1002 2130 releuium
1020 2089 1029 2105 '
1049 2090 1183 2143 vulgo
1204 2090 1388 2132 dicimus
1408 2104 1418 2141 3
1450 2091 1567 2144 quod
1589 2090 1624 2131 si

173 2157 352 2200 baronia
374 2163 449 2207 est,
476 2158 520 2198 in
541 2158 653 2211 regis
675 2164 741 2199 est
761 2157 1038 2211 beneplacito
1059 2172 1143 2212 que
1159 2159 1318 2201 debeat
1340 2173 1432 2201 esse
1452 2173 1625 2201 summa

172 2226 333 2268 releuii.
395 2225 442 2267 Si
473 2238 577 2267 vero
608 2226 663 2267 de
704 2226 904 2268 eschaeta
943 2226 1082 2277 fuerit,
1117 2240 1202 2280 que
1241 2227 1286 2269 in
1326 2242 1456 2270 manu
1498 2229 1621 2282 regis,

172 2295 400 2337 deficiente
439 2293 611 2347 herede,
641 2295 709 2337 vel
754 2294 891 2347 aliter,
931 2295 1142 2344 inciderit,
1188 2310 1267 2351 pro
1306 2297 1435 2339 feodo
1476 2297 1622 2338 militis
1641 2315 1682 2347 30

171 2365 294 2407 vnius
324 2363 408 2405 hoc
438 2369 613 2405 tantum
644 2363 745 2417 regi,
771 2364 946 2406 nomine
977 2363 1139 2416 releuii‚
1169 2365 1321 2416 soluet‚
1353 2366 1470 2419 quod
1508 2373 1621 2408 esset

171 2446 250 2475 suo
272 2433 452 2474 domino
482 2432 708 2481 soluturus,
729 2432 811 2474 hoc
833 2439 897 2473 est
913 2438 1088 2474 centum
1109 2433 1282 2475 solidos.
1342 2433 1455 2476 Sunt
1475 2442 1621 2476 autem

172 2501 246 2556 qui
269 2501 445 2542 credant
467 2514 554 2551 eoS,
576 2501 650 2555 qui
677 2501 722 2542 in
743 2500 910 2542 releuiis
932 2501 1021 2555 regi
1043 2507 1246 2544 tenentur
1266 2516 1345 2545 nec
1367 2505 1622 2545 summoniti

172 2569 360 2618 soluunt,
381 2576 725 2623 spontaneorum
748 2570 994 2612 oblatorum
1015 2569 1185 2624 legibus
1206 2571 1422 2613 obnoxios
1442 2578 1500 2623 vt,
1521 2586 1621 2615 cum

172 2639 382 2680 soluendo
412 2651 500 2680 non
538 2639 707 2692 fuerint,
739 2646 912 2681 careant
943 2639 1197 2693 impetratis.
1259 2640 1324 2682 At
1359 2641 1497 2682 verius
1535 2642 1620 2683 dici
1640 2657 1680 2690 35

172 2712 319 2762 potest
344 2712 403 2757 vt,
423 2707 534 2749 sicut
561 2708 617 2751 de
647 2708 902 2762 pecuniariis
932 2707 1054 2762 penis
1081 2708 1143 2761 fit,
1163 2708 1222 2750 sic
1250 2708 1327 2751 fiat
1356 2710 1411 2752 de
1440 2710 1622 2753 releuiis.

223 2817 238 2844 1
267 2808 398 2854 quibus
414 2808 462 2844 N
604 2817 624 2853 7
649 2817 705 2846 est
723 2822 790 2845 om.
808 2810 854 2845 N
990 2820 1011 2855 9
1037 2808 1100 2855 de]
1117 2810 1206 2846 dum
1223 2811 1259 2846 R
1401 2820 1440 2858 15
1468 2813 1572 2849 delus
1588 2816 1624 2850 R

176 2864 217 2899 17
243 2856 389 2902 signum
406 2867 474 2892 om.
490 2857 527 2892 R
595 2857 722 2903 breue]
747 2857 884 2894 habere
900 2858 935 2893 R
1044 2867 1088 2903 31
1114 2869 1206 2894 vnus
1223 2859 1259 2894 R
1369 2860 1414 2904 36
1439 2859 1507 2907 sic]
1527 2867 1564 2896 vt
1583 2862 1629 2897 N
