2022 3281
170 207 206 240 11
227 198 304 240 xiv
325 193 374 254 B]
657 197 744 238 DE
778 196 1137 240 SCACCARIO
1540 210 1620 252 147

168 325 252 365 que
278 311 393 353 licite
413 310 661 352 venduntur
689 317 787 353 sunt
815 325 964 354 eorum
992 311 1171 354 mobilia
1195 324 1245 354 ac
1272 326 1367 354 sese
1389 313 1622 354 mouentia.

170 379 328 433 Qualia
357 386 457 421 sunt
489 394 654 430 aurum,
684 386 914 434 argentum
944 387 988 422 et
1023 394 1081 422 ex
1114 380 1195 421 hiis
1225 393 1329 422 vasa
1366 381 1620 435 composita,

169 449 335 503 lapides
360 462 535 502 quoque
562 449 737 503 pretiosi
765 456 807 491 et
837 449 1070 491 mutatoria
1090 449 1449 491 vestimentorum
1474 456 1517 490 et
1543 449 1623 490 hiis

167 517 336 560 similia.
399 518 512 559 Item
533 531 742 571 equorum
764 525 995 573 Vtrumque
1018 532 1167 573 genus,
1187 518 1358 560 vsuales
1386 518 1551 559 scilicet
1580 527 1623 560 et

167 586 380 638 indomiti,
401 593 596 628 armenta
618 600 794 640 quoque
824 588 957 629 bourn
986 600 1036 628 ac
1065 601 1219 642 greges
1244 587 1394 628 ouium
1415 593 1459 629 et
1480 593 1623 629 cetera
1643 598 1658 628 Ξ

165 654 442 707 huiusmodi;
483 649 654 710 frugum
691 656 822 697 etiam
859 662 902 697 et
937 657 1209 709 quorundam
1240 655 1493 697 victualium
1530 669 1622 696 mo-

165 724 265 766 bilis
301 731 365 766 est
401 731 567 774 natura,
603 732 648 766 vt
682 725 846 768 scilicet
880 725 1015 767 libere
1048 725 1178 766 vendi
1212 725 1393 779 possint,
1426 725 1623 767 deductis

167 793 417 835 necessariis
443 793 689 847 sumptibus
717 793 923 835 debitoris
948 795 1003 835 ad
1029 794 1121 835 sola
1145 794 1360 842 victualia,
1382 793 1464 834 hoc
1491 801 1556 834 est
1578 800 1623 834 vt

166 862 411 904 necessitati
440 876 526 904 non
547 863 847 917 superfluitati,
869 870 913 906 et
943 864 1047 905 item
1072 870 1119 905 vt
1147 870 1301 905 nature
1328 863 1510 905 satisfiat
1537 878 1623 905 non

164 931 339 985 crapule
364 944 373 981 ;
398 944 476 972 nec
505 930 584 972 soli
608 932 793 973 debitori
816 933 893 973 sed
914 933 1041 974 vxori
1064 933 1156 974 eius
1184 939 1229 974 et
1251 933 1349 974 filiis
1371 946 1421 974 ac
1447 931 1621 979 familie,
1646 942 1683 963 10

164 1013 295 1054 quam
329 1000 448 1054 prius
484 1000 742 1042 exhibuerat
776 1000 880 1043 dum
915 1001 999 1043 sibi
1033 1001 1209 1050 viueret,
1243 1001 1343 1042 hinc
1383 1001 1625 1044 necessaria

165 1069 476 1110 ministrantur.

220 1136 478 1190 Discipulus.
541 1136 688 1190 Quare
709 1136 818 1178 dicis
840 1138 1147 1190 quorundam?
1643 1135 1668 1164 B

221 1205 450 1260 llffagz'ster.
509 1205 738 1253 victualia,
771 1219 856 1258 que
890 1205 946 1246 ab
983 1206 1043 1247 eis
1079 1206 1309 1248 cotidianis
1344 1207 1490 1248 vsibus
1528 1221 1621 1260 pre—

163 1280 371 1329 parantur
401 1280 446 1315 et
475 1287 559 1328 que
590 1273 680 1314 sine
714 1274 778 1314 sui
812 1274 1053 1315 mutatione
1087 1275 1232 1316 esibus
1267 1277 1621 1325 accomodantur,
1645 1289 1681 1320 15

162 1343 308 1397 qualia
342 1348 442 1384 sunt
483 1343 605 1396 panis
645 1347 688 1383 et
725 1348 865 1396 potuS,
903 1342 1023 1384 nulla
1058 1344 1226 1385 ratione
1261 1345 1389 1385 vendi
1427 1351 1622 1399 possunt.

161 1412 424 1454 Victualium
453 1411 586 1466 igitur
611 1425 663 1453 ea
690 1412 937 1462 dumtaxat,
959 1425 1044 1466 que
1071 1418 1216 1466 preter
1236 1426 1338 1453 vsus
1361 1413 1622 1455 necessarios

161 1482 217 1523 ab
239 1481 341 1535 ipsis
363 1481 552 1522 dominis
574 1481 833 1522 reseruanda
853 1481 1033 1531 fuerant,
1056 1487 1104 1523 vt
1124 1481 1296 1523 venalia
1317 1481 1484 1532 fierent,
1505 1482 1622 1523 licite

160 1551 417 1601 venduntur,
438 1549 582 1603 qualia
602 1556 703 1590 sunt
725 1563 874 1591 carnes
894 1548 985 1591 sale
1004 1549 1192 1602 condite,
1215 1550 1338 1598 casei,
1363 1550 1504 1601 mella,
1520 1550 1623 1592 vina

161 1625 205 1661 et
234 1619 314 1660 hiis
344 1618 515 1660 similia.
579 1618 642 1672 Et
667 1624 771 1660 nota
797 1619 929 1673 quod,
948 1618 983 1659 si
1011 1619 1184 1660 debitor
1210 1618 1282 1660 ille
1308 1619 1382 1672 qui
1409 1619 1621 1660 soluendo
1641 1634 1681 1656 20

160 1701 248 1729 non
272 1694 347 1738 est,
370 1687 523 1730 militie
550 1686 774 1741 cingulum
803 1687 939 1729 semel
970 1687 1217 1741 optinuerit,
1242 1688 1427 1730 venditis
1459 1687 1622 1740 ceteris,

160 1769 296 1809 equus
330 1763 478 1798 tamen
514 1756 566 1808 ei,
599 1768 685 1796 non
721 1755 904 1810 quilibet
933 1762 1000 1797 set
1029 1769 1138 1796 vnus
1168 1755 1397 1806 vsualium,
1429 1770 1620 1797 reserua-

161 1825 287 1873 bitur,
329 1838 396 1877 ne,
426 1825 498 1878 qui
539 1824 754 1878 dignitate
798 1823 937 1866 factus
977 1831 1042 1866 est
1083 1837 1228 1878 eques,
1260 1826 1396 1880 pedes
1442 1833 1621 1879 cogatur

161 1893 369 1935 incedere.
430 1892 563 1946 Quod
593 1893 628 1933 si
661 1892 784 1934 miles
814 1893 1026 1934 eiusmodi
1058 1892 1183 1934 fuerit

277 1967 285 1984 ‘
303 1975 434 2016 quem
457 1962 576 2003 iuuet
601 1974 819 2002 armorum
841 1962 972 2002 decor
997 1967 1042 2002 et
1064 1965 1184 2003 iuuet
1206 1975 1306 2004 vsus
1327 1960 1502 2012 eorum,'
1641 1975 1678 2006 25

162 2037 204 2072 et
226 2031 313 2085 qui,
334 2030 496 2071 meritis
517 2029 804 2083 exigentibus,
826 2029 984 2071 debeat
1006 2029 1116 2071 inter
1141 2036 1336 2071 strenuos
1364 2030 1617 2084 computari,

161 2105 256 2141 tota
296 2099 361 2140 sui
400 2098 591 2152 corporis
631 2104 850 2139 armatura
889 2111 988 2140 cum
1029 2097 1147 2152 equis
1186 2099 1243 2140 ad
1285 2098 1329 2139 id
1370 2099 1620 2140 necessariis

161 2182 187 2209 a
207 2167 502 2209 venditoribus
530 2167 609 2208 erit
638 2166 867 2215 liberrima,
887 2172 946 2214 vt,
969 2180 1067 2208 cum
1090 2167 1343 2221 oportuerit,
1364 2169 1419 2209 ad
1442 2169 1554 2224 regis
1577 2176 1619 2211 et

162 2237 284 2292 regni
305 2237 479 2291 negotia
500 2235 629 2276 armis
651 2241 695 2276 et
716 2234 835 2289 equis
858 2235 1090 2276 instructus
1113 2236 1250 2290 possit
1271 2236 1443 2277 assumi.

333 2306 342 2323 ‘
363 2303 409 2346 Si
433 2311 578 2347 tamen
601 2304 671 2347 hic
693 2304 808 2346 idem
831 2304 899 2345 cui
919 2304 995 2345 lex
1017 2305 1059 2345 in
1080 2311 1203 2359 parte
1224 2306 1418 2360 pepercit
1434 2304 1443 2320 ’
1637 2319 1677 2351 30

161 2374 311 2416 audita
351 2374 609 2415 necessitate
649 2373 764 2427 regis
803 2372 872 2415 vel
911 2375 1045 2427 regni,
1081 2374 1338 2415 delitescens
1377 2388 1424 2416 se
1464 2374 1618 2416 absen-

161 2443 330 2494 tauerit‚
357 2442 427 2484 vel
457 2444 512 2484 ad
541 2442 625 2483 hoc
650 2447 828 2483 vocatus
858 2454 945 2482 non
973 2442 1150 2494 venerit,
1180 2443 1240 2483 sic
1272 2448 1420 2484 tamen
1452 2448 1500 2484 vt
1532 2456 1621 2484 non

159 2511 343 2565 propriis
365 2512 441 2553 sed
462 2511 588 2565 regiis
616 2510 845 2564 stipendiis
875 2509 1042 2561 militet,
1064 2517 1106 2553 et
1132 2511 1355 2552 euidenter
1375 2511 1619 2552 absentiam

160 2593 284 2620 suam
315 2593 403 2621 non
432 2579 715 2627 excusauerit,
740 2592 818 2620 nec
849 2579 905 2620 ab
935 2578 1019 2620 hiis
1043 2579 1289 2621 venditores
1311 2579 1621 2633 temperabunt

160 2654 227 2690 set
269 2647 364 2690 solo
403 2654 630 2690 contentus
671 2662 784 2703 equo
826 2654 1003 2702 propter
1044 2647 1197 2690 militie
1237 2648 1497 2702 dignitatem
1538 2648 1619 2690 sibi
1640 2662 1677 2693 35

209 2825 229 2850 2
247 2815 318 2850 hiis
336 2815 453 2849 om.R
547 2822 566 2858 7
594 2814 708 2851 libere
722 2826 790 2849 om.
804 2814 836 2850 C
908 2823 951 2850 10
970 2813 1054 2860 soli]
1072 2814 1173 2850 enim
1195 2815 1226 2851 C
1285 2825 1327 2859 14
1345 2815 1573 2853 Victualibus
1595 2818 1624 2852 C

165 2864 206 2900 18
223 2860 382 2908 fuerant]
400 2867 484 2897 sunt
504 2861 536 2897 C
622 2871 664 2897 22
692 2861 802 2908 vnus]
820 2872 907 2898 vsus
924 2862 972 2897 N
1052 2872 1094 2908 32
1106 2863 1297 2908 posterius
1313 2874 1388 2899 non
1405 2875 1476 2900 om.
1493 2865 1530 2900 R
