2022 3281
62 213 75 245 1
98 204 140 246 iii
162 202 216 261 A]
549 203 635 245 DE
669 201 1024 246 scAccARIO
1458 201 1510 242 61

116 319 346 372 Magister.
409 318 571 360 Merito
601 325 646 360 te
675 317 973 372 scrupulosum
1004 315 1110 358 dixi.
1174 316 1255 357 Est
1277 320 1320 356 et
1344 314 1429 356 alia
1450 321 1517 357 set

60 388 298 429 occultior:
345 387 456 428 sicut
492 387 607 428 enim
644 387 686 427 in
722 386 935 428 scaccario
972 384 1084 426 lusili
1123 384 1302 437 quidam
1343 383 1517 426 ordines

61 462 161 499 sunt
188 462 478 510 pugnatorum
506 462 550 497 et
579 455 707 497 certis
735 454 904 509 legibus
931 453 1000 495 vel
1031 453 1240 494 limitibus
1271 453 1516 506 procedunt
1535 464 1561 494 B

60 525 127 566 vel
159 525 412 573 subsistunt,
433 524 748 579 presidentibus
775 523 869 565 aliis
889 529 933 565 et
960 522 1056 563 aliis
1083 522 1425 576 precedentibus,
1456 521 1517 562 sic

61 594 103 634 in
133 593 216 634 hoc
244 594 422 646 quidam
444 593 664 646 president
687 593 863 646 quidam
891 592 1083 633 assident
1109 605 1166 632 ex
1188 591 1344 641 officio,
1365 597 1408 631 et
1429 603 1514 631 non
1536 604 1554 637 5

62 668 128 703 est
156 662 358 715 cuiquam
385 661 570 702 liberum
602 661 722 715 leges
754 661 1013 703 constitutas
1042 660 1256 701 excedere
1286 659 1403 712 quod
1437 659 1517 700 erit

62 745 119 772 ex
148 732 514 785 consequentibus
543 731 830 773 manifestum.
895 731 1018 783 Item,
1038 731 1149 772 sicut
1170 729 1212 770 in
1234 728 1347 770 lusili
1370 742 1519 782 pugna

62 800 350 842 committitur
376 800 489 841 inter
515 812 650 854 reges,
674 800 734 841 sic
764 800 806 840 in
836 798 919 840 hoc
947 799 1059 840 inter
1085 799 1196 839 duos
1227 796 1519 851 principaliter

64 869 290 910 conflictus
310 876 376 910 est
398 876 442 910 et
463 882 611 922 pugna
632 868 928 917 committitur,
949 867 1268 908 thesaurarium
1289 866 1454 907 scilicet
1475 871 1518 906 et

63 937 363 978 vicecomitem
394 937 468 990 qui
506 937 668 978 assidet
704 937 760 977 ad
796 942 1066 989 compotum,
1098 935 1391 976 residentibus
1424 935 1518 975 aliis
1540 956 1578 979 10

63 1013 275 1059 tanquam
298 1006 509 1046 iudicibus
530 1012 577 1047 vt
598 1005 775 1047 videant
795 1011 838 1046 et
859 1005 1064 1046 iudicent.

120 1074 380 1127 Dz‘scz'pulus.
442 1074 669 1127 Numquid
690 1087 716 1115 a
737 1074 1007 1115 thesaurario
1029 1079 1263 1126 compotus
1284 1072 1519 1126 suscipitur

63 1155 163 1184 cum
185 1144 270 1184 illic
288 1143 412 1184 multi
427 1143 512 1183 sint
527 1143 601 1196 qui
619 1143 788 1183 ratione
802 1142 1034 1195 potestatis
1052 1141 1237 1182 maiores
1252 1141 1484 1182 videantur
1500 1144 1518 1182 ?

120 1212 348 1264 Magister.
422 1210 555 1264 Quod
591 1210 881 1252 thesaurarius
916 1224 943 1251 a
974 1210 1230 1252 vicecomite
1263 1216 1518 1263 compotum

63 1281 268 1334 suscipiat
298 1280 398 1322 hinc
430 1285 496 1321 est
527 1279 807 1322 manifestum
837 1279 940 1333 quia
970 1279 1086 1320 idern
1116 1279 1173 1320 ab
1204 1293 1256 1320 eo
1292 1292 1390 1320 cum
1429 1279 1517 1333 regi
1541 1297 1577 1330 15

63 1349 272 1404 placuerit
294 1349 536 1403 requiritur.
597 1348 693 1390 Nec
720 1349 835 1389 enim
864 1350 920 1390 ab
953 1349 1049 1403 ipso
1079 1347 1371 1402 requireretur
1400 1349 1518 1400 quod

65 1430 150 1459 non
180 1419 453 1472 suscepisset.
515 1417 627 1459 Sunt
657 1424 804 1458 tamen
835 1418 908 1471 qui
941 1418 1090 1459 dicant
1119 1415 1438 1458 thesaurarium
1475 1425 1519 1458 et

62 1487 322 1528 camerarios
347 1486 566 1528 obnoxios
596 1493 770 1528 tantum
798 1487 879 1527 hiis
907 1499 992 1539 que
1023 1485 1266 1527 scribuntur
1290 1485 1334 1525 in
1366 1485 1521 1527 rotulis

63 1555 141 1596 ‘In
178 1555 407 1597 thesauro'
438 1562 487 1597 vt
517 1557 573 1597 de
602 1555 685 1596 hiis
715 1562 948 1609 compotus
984 1554 1040 1595 ab
1071 1555 1131 1596 eis
1162 1554 1376 1608 exigatur.
1440 1553 1521 1596 Set

61 1625 203 1666 verius
224 1625 415 1666 creditur
435 1631 482 1666 vt
498 1626 553 1666 de
575 1631 670 1666 tota
691 1625 904 1679 scriptura
926 1624 1054 1666 rotuli
1077 1623 1518 1678 respondeant,quod
1541 1637 1581 1659 20

62 1707 119 1735 ex
141 1694 507 1747 consequentibus
529 1700 729 1736 constare
749 1694 922 1748 poterit.

117 1759 373 1813 Discz'pulus.
432 1761 661 1814 Numquid
692 1760 833 1802 solum
859 1759 966 1801 illud
996 1759 1258 1801 scaccarium
1281 1764 1346 1800 est
1367 1758 1410 1799 in
1430 1772 1518 1813 quo
1536 1761 1566 1798 ii

61 1828 161 1870 talis
182 1829 408 1871 conflictus
429 1833 528 1871 est?

119 1897 350 1950 Magister.
411 1898 528 1939 Non.
590 1897 672 1939 Est
702 1897 817 1939 enim
850 1896 1026 1938 inferius
1047 1898 1313 1938 scaccarium
1335 1896 1454 1950 quod
1476 1901 1521 1937 et

62 1968 71 1986 ‘
92 1965 313 2019 Recepta'
334 1966 494 2008 dicitur
513 1967 586 2008 vbi
609 1966 793 2020 pecunia
814 1971 987 2020 recepta
1010 1972 1263 2006 numeratur
1285 1971 1329 2006 et
1350 1964 1520 2018 scriptis
1541 1984 1580 2018 25

64 2039 108 2076 et
128 2034 252 2075 taleis
275 2034 564 2076 committitur
585 2042 634 2076 vt
661 2036 716 2076 de
744 2035 909 2076 eisdem
940 2034 1224 2088 postmodum
1246 2034 1290 2074 in
1311 2033 1521 2088 superiori

63 2109 294 2158 compotus
321 2103 407 2145 fiat.
469 2103 570 2145 Vna
600 2110 749 2145 tamen
770 2103 995 2157 Vtriusque
1026 2102 1146 2155 origo
1167 2108 1246 2154 est,
1267 2102 1370 2155 quia
1400 2102 1521 2155 quic-

64 2173 169 2226 quid
191 2173 453 2214 soluendum
486 2186 580 2214 esse
611 2173 655 2213 in
681 2173 846 2214 maiore
877 2171 1214 2225 deprehenditur
1242 2171 1313 2212 hic
1338 2171 1523 2212 soluitur

64 2248 108 2283 et
129 2242 247 2295 quod
270 2242 339 2283 hic
360 2241 552 2284 solutum
574 2242 701 2285 suerit
722 2241 781 2282 ibi
803 2247 1097 2295 computatur.

119 2310 378 2364 Dz'scipulus.
433 2310 533 2365 Que
547 2317 612 2353 est
627 2312 737 2353 ratio
753 2310 821 2352 vel
837 2310 1053 2352 institutio
1069 2308 1280 2351 inferioris
1294 2309 1519 2351 scaccarii?
1537 2292 1583 2366 Ἅι

118 2379 350 2432 Magister.
410 2380 472 2421 Vt
493 2380 623 2421 video
645 2379 805 2421 nullius
828 2379 986 2420 horum
1008 2379 1298 2432 ignorantiam
1320 2379 1519 2420 sustines.

64 2447 250 2491 Noueris
279 2455 425 2490 autem
463 2449 583 2502 quod
615 2448 791 2490 inferius
820 2447 926 2489 illud
956 2447 1219 2489 scaccarium
1254 2461 1354 2489 suas
1386 2447 1522 2489 habet

64 2531 272 2572 personas
304 2518 474 2560 ratione
504 2518 681 2571 quidem
713 2517 953 2560 officiorum
984 2531 1011 2559 a
1041 2530 1087 2558 se
1118 2516 1357 2568 distinctas,
1381 2522 1448 2558 set
1478 2517 1521 2558 in

110 2654 130 2680 2
158 2643 324 2691 quidam]
339 2647 499 2692 quedam
516 2647 563 2681 N
642 2657 664 2690 4
690 2653 726 2682 et
744 2646 823 2682 aliis
840 2657 908 2681 om.
927 2647 963 2681 R
1083 2646 1105 2681 6
1129 2645 1284 2681 liberum
1301 2645 1473 2692 cuiquam
1494 2646 1527 2681 C

68 2701 111 2728 ιο
134 2693 296 2728 assident
313 2694 358 2728 N
452 2703 490 2729 11
519 2700 556 2729 et
574 2693 736 2730 iudicent
753 2705 823 2729 om.
841 2695 876 2728 R
974 2701 1015 2727 12
1035 2693 1093 2728 De
1110 2699 1284 2738 compoto
1301 2693 1520 2729 thesaurarii

68 2740 100 2774 C
113 2750 232 2785 marg.
347 2749 387 2785 13
413 2741 564 2776 maioris
581 2741 630 2775 N
705 2742 746 2775 18
772 2739 857 2786 que]
877 2739 938 2785 qui
960 2741 1023 2774 CR
1132 2740 1250 2775 rotulo
1263 2740 1295 2776 C
1404 2749 1520 2784 22—29

65 2785 279 2831 Discipulus
291 2813 298 2822 .
312 2813 321 2823 .
337 2813 345 2822 .
360 2794 594 2833 computatur
609 2788 695 2822 add.
712 2786 769 2822 N³
841 2797 884 2822 22
903 2786 991 2822 illud
1009 2798 1077 2821 om.
1094 2787 1142 2821 N
1206 2796 1250 2831 23
1269 2793 1324 2823 est
1335 2787 1420 2823 talis
1431 2798 1519 2822 con-

64 2832 185 2867 flictus
198 2833 245 2867 N
343 2843 363 2869 2
368 2841 385 2879 5
413 2841 561 2880 recepta
572 2833 798 2878 numeratur]
812 2834 1042 2869 numeranda
1053 2833 1208 2869 traditur
1232 2835 1278 2869 N
1369 2843 1413 2878 27
1439 2832 1519 2879 fiat]

65 2879 239 2915 reddatur
255 2880 302 2914 N
400 2888 455 2917 est
472 2886 559 2916 ante
575 2882 762 2927 Vtriusque
772 2883 885 2926 ponit
902 2881 950 2915 N
