2022 3281
405 182 423 211 1
436 183 451 210 1
462 181 485 212 2
889 167 976 209 DE
1009 164 1370 208 SCACCARIO
1634 163 1693 223 [11
1715 174 1851 208 PROL.

402 284 458 324 ad
491 281 747 324 doctrinam.
801 280 902 321 Hiis
943 279 1072 332 igitur
1106 277 1293 330 negotiis
1329 278 1372 318 in
1403 291 1489 331 que
1519 291 1600 319 nos
1630 278 1851 332 impegisti

401 350 621 404 paulisper
662 350 864 398 attende3
906 361 993 388 non
1035 352 1082 388 vt
1120 359 1178 387 ex
1218 346 1280 387 eis
1322 347 1469 402 magni
1514 347 1673 388 laboris
1715 353 1853 389 metas

401 419 578 469 fructus,
600 424 667 459 set
686 424 857 460 tantum
884 429 938 456 ne
959 415 1138 456 otiosus.

458 486 715 540 Discipulus.
774 484 942 525 Vereor
963 496 1017 523 ne
1039 482 1240 523 instantis
1266 482 1407 524 noctis
1428 483 1730 538 crepusculum
1757 497 1853 538 pre-

365 573 383 606 5
403 556 575 610 cipitem
594 556 778 608 inponat
795 552 927 593 finem
945 551 1140 604 negotiis,
1149 558 1194 593 et
1209 551 1380 593 omissis
1396 551 1589 605 pluribus
1607 552 1855 595 necessariis

403 624 626 673 acceleres,
647 628 694 663 vt
716 634 861 663 careas
882 620 1201 673 inportunitate
1223 621 1455 673 querentis.

458 692 686 745 Magister.
751 690 892 730 Immo
932 702 1015 742 ego
1057 688 1196 741 magis
1234 688 1395 730 veritus
1430 702 1538 737 sum,
1579 702 1632 730 ne
1671 694 1715 730 te
1756 693 1857 742 post

403 760 535 813 longa
585 758 769 809 silentia,
804 763 983 812 propter
1023 764 1239 812 agrestem
1280 757 1440 808 stilum,
1481 758 1556 798 diu
1599 770 1857 811 suppressus

403 828 637 870 cachinnus
667 832 923 878 succuteret‚
944 826 1012 867 vel
1042 827 1153 868 forte
1180 827 1340 868 tacitus
1370 833 1516 868 tecum
1548 832 1858 880 pertractasses

346 914 385 937 10
403 896 588 950 qualiter
615 896 706 937 sine
738 902 888 937 nostra
920 895 1119 938 molestia
1149 895 1206 937 ab
1236 895 1318 937 hiis
1349 895 1479 937 auelli
1509 908 1660 950 posses
1688 895 1744 936 ad
1773 909 1859 948 que

404 979 482 1007 nos
522 965 717 1019 coegisti.
795 964 869 1006 Ob
908 964 992 1005 hoc
1036 965 1174 1005 fateor
1215 978 1286 1005 me
1326 963 1456 1005 finem
1502 964 1857 1017 intempestiuum

403 1047 515 1087 pene
554 1035 750 1089 posuisse
789 1033 995 1075 dicendis.
1070 1032 1148 1075 Set
1189 1040 1338 1074 tamen
1379 1046 1478 1074 cum
1520 1033 1674 1074 docilis
1715 1032 1784 1082 sis,
1816 1038 1859 1072 et

404 1104 448 1144 in
488 1109 532 1144 te
573 1103 765 1144 nondum
807 1102 998 1156 tepuerit
1039 1102 1293 1143 attentionis
1334 1102 1547 1144 industria
1587 1107 1718 1155 cepto
1747 1101 1860 1142 ferar

405 1173 570 1214 itinere.
630 1172 692 1214 Vt
733 1172 864 1226 igitur
904 1171 1118 1224 disposite
1160 1171 1340 1212 rationis
1384 1171 1525 1213 ordini
1566 1169 1764 1220 satisfiat,
1804 1170 1859 1210 de

348 1257 386 1289 15
405 1241 815 1283 summonitionibus
856 1241 997 1294 primo
1043 1240 1139 1281 loco
1191 1239 1423 1281 dicendum
1477 1245 1554 1288 est,
1595 1253 1653 1280 ex
1703 1238 1862 1292 quibus

407 1310 582 1359 scilicet,
604 1316 647 1350 et
676 1309 871 1362 qualiter,
895 1315 939 1350 et
966 1310 1022 1350 ad
1049 1309 1154 1362 quid
1187 1308 1319 1358 fiant3
1350 1316 1483 1362 atque
1511 1315 1558 1349 vt
1586 1309 1642 1349 de
1668 1307 1751 1348 hiis
1781 1306 1863 1348 tibi

407 1379 577 1433 plenius
613 1385 797 1429 constet,
827 1379 883 1419 sit
912 1378 1044 1419 trium
1076 1378 1536 1431 premonstrandorum
1569 1377 1710 1430 primo
1742 1376 1861 1430 prius

378 1492 387 1501 ⁶
408 1448 622 1498 ultimum,
645 1447 727 1489 hoc
749 1453 814 1488 est
836 1447 892 1488 ad
914 1447 1018 1500 quid
1042 1446 1161 1487 fiant.

359 1504 390 1576 Ᾰ
466 1516 597 1556 Fiunt
618 1522 764 1557 autem
787 1516 1149 1557 summonitiones
1169 1521 1215 1557 vt
1238 1515 1500 1556 scaccarium
1522 1514 1611 1556 fiat.

352 1599 391 1620 20
468 1585 732 1626 Precedente
746 1598 934 1638 namque
947 1585 1067 1626 breui
1081 1584 1570 1636 summonitionis‚quod
1585 1583 1701 1636 regie
1716 1590 1864 1624 aucto-

411 1653 549 1694 ritatis
579 1654 774 1706 signatur
791 1654 990 1707 imagine,
1018 1660 1313 1694 conuocantur
1333 1654 1389 1694 ad
1420 1653 1564 1693 locum
1588 1652 1862 1693 nominatum

410 1722 483 1775 qui
506 1722 731 1763 necessarii
753 1729 865 1763 sunt.
927 1723 1023 1762 Nec
1045 1722 1159 1763 enim
1182 1735 1358 1763 necesse
1374 1720 1538 1762 habent
1556 1721 1760 1762 accedere
1782 1720 1865 1760 nisi

410 1790 747 1831 summonitione
761 1790 983 1844 premissa.
1025 1790 1254 1832 Accedunt
1269 1797 1415 1830 autern
1431 1790 1609 1843 quidam
1624 1795 1670 1829 vt
1685 1789 1866 1829 sedeant
1916 1818 1919 1821 -

411 1866 455 1901 et
491 1859 696 1906 iudicent,
732 1860 912 1912 quidam
947 1865 995 1900 vt
1030 1859 1203 1900 soluant
1235 1865 1277 1900 et
1309 1858 1565 1899 iudicentur.
1627 1857 1791 1899 Sedent
1820 1863 1864 1898 et

354 1940 391 1972 25
412 1928 614 1978 iudicant,
631 1942 688 1969 ex
705 1928 846 1970 officio
862 1927 928 1970 vel
944 1942 1001 1969 ex
1014 1928 1219 1981 principis
1242 1927 1463 1974 mandato,
1478 1927 1661 1967 barones
1682 1939 1868 1979 quorum

412 2011 541 2050 supra
559 1997 848 2038 meminimus.
901 1997 1088 2038 Soluunt
1105 2004 1251 2038 autern
1271 2003 1315 2038 et
1329 1996 1575 2037 iudicantur
1588 1995 1865 2037 vicecomites

412 2072 456 2107 et
488 2065 559 2107 alii
591 2066 736 2120 plures
768 2066 812 2106 in
846 2079 982 2120 regno
1015 2079 1199 2119 quorum
1237 2065 1418 2118 quidam
1449 2064 1705 2105 voluntariis
1740 2063 1862 2105 obla-

411 2135 618 2185 tionibus,
650 2136 828 2188 quidam
863 2135 1113 2176 necessariis
1143 2133 1435 2176 solutionibus
1467 2132 1646 2174 obnoxii
1677 2138 1788 2179 sunt,
1811 2133 1866 2173 de

413 2204 570 2258 quibus
584 2204 693 2245 infra
709 2204 878 2258 plenius
894 2204 1090 2245 dicemus
1105 2203 1148 2244 in
1166 2203 1347 2256 agendis
1360 2202 1639 2244 vicecomitis.
1692 2202 1866 2243 Horum

355 2282 396 2313 30
414 2273 559 2326 itaque
590 2286 688 2314 cum
725 2286 801 2325 per
831 2286 982 2313 omnes
1011 2271 1244 2313 comitatus
1276 2284 1504 2312 numerosa
1535 2271 1589 2310 sit
1620 2270 1869 2321 multitudo,

414 2348 588 2396 oportet
605 2343 648 2382 in
669 2343 763 2395 ipsa
780 2341 987 2383 citatione
1009 2341 1166 2381 emissa
1187 2341 1242 2382 de
1259 2340 1440 2394 singulis
1457 2339 1649 2379 seriatim
1667 2338 1871 2391 exprimi,

415 2417 628 2464 quantum
664 2411 708 2451 in
742 2410 920 2452 instanti
957 2409 1146 2451 termino
1187 2408 1298 2450 solui
1330 2409 1500 2457 debeat,
1535 2408 1707 2448 adiecta
1739 2407 1870 2448 etiam

417 2492 547 2521 causa
566 2485 614 2521 vt
634 2479 695 2521 sic
717 2479 885 2521 dicatur
907 2483 916 2500 ‘
931 2479 987 2519 de
1007 2478 1081 2520 illo
1102 2478 1266 2519 habeas
1288 2477 1401 2518 hanc
1422 2476 1490 2517 vel
1513 2475 1631 2516 illam
1653 2489 1871 2517 summam

418 2554 596 2600 propter
626 2547 752 2596 hanc,
780 2547 847 2588 vel
879 2547 992 2588 hanc
1023 2544 1222 2589 causam.’
1285 2545 1417 2598 Quod
1446 2544 1482 2585 si
1514 2559 1540 2585 a
1571 2544 1786 2586 residente
1814 2545 1870 2586 ad

358 2622 398 2655 35
420 2622 673 2669 compotum
693 2616 951 2658 vicecomite
976 2615 1218 2669 requiratur
1238 2613 1401 2667 aliquid
1423 2613 1478 2654 de
1499 2613 1654 2667 quouis
1676 2613 1873 2655 debitore

471 2740 513 2766 10
530 2738 695 2767 nostrum
709 2733 743 2767 R
873 2742 914 2776 13
933 2730 1128 2776 industria]
1148 2730 1303 2766 materia
1319 2730 1366 2765 N
1498 2730 1645 2765 ferraris
1665 2731 1711 2765 C:
1730 2729 1827 2765 ferru
1839 2729 1875 2764 R

422 2787 467 2812 20
484 2779 683 2814 auctoritas
697 2780 743 2813 N
795 2789 838 2823 23
858 2778 1024 2823 sedeant]
1043 2778 1274 2814 seribeantR
1331 2786 1377 2819 24
1394 2776 1526 2812 sedunt
1538 2778 1574 2812 R
1626 2786 1667 2821 25
1686 2778 1743 2812 vel
1760 2788 1827 2811 om.
1840 2777 1876 2810 R

422 2834 465 2869 32
493 2824 529 2859 in
547 2835 615 2860 om.
629 2826 675 2859 N
764 2835 807 2871 33
833 2837 1017 2862 summam
1033 2826 1159 2860 om.N
1248 2834 1293 2869 34
1318 2823 1364 2869 si]
1382 2834 1468 2860 vero
1483 2825 1514 2860 C
1605 2823 1643 2869 a]
1663 2830 1787 2861 autem
1799 2823 1876 2858 NR
