2022 3281
398 190 480 231 116
884 188 970 230 DE
1003 185 1364 229 SCACCARIO
1681 183 1739 243 [11
1760 185 1788 227 ii
1813 196 1844 226 A

395 306 599 347 thesauro
623 303 800 346 soluerit
827 302 883 343 de
903 301 1039 351 firma,
1060 313 1111 341 ac
1131 299 1301 350 deinde,
1322 297 1357 341 si
1383 299 1603 351 satisfecit,
1625 299 1668 340 in
1690 300 1844 341 eadem

396 374 510 415 linea
544 372 746 414 scribitur
776 375 785 392 ⁶
804 371 864 412 Et
896 369 1069 422 quietus
1102 366 1193 409 est.’
1257 367 1306 409 Si
1337 381 1436 420 non,
1456 369 1650 410 debitum
1682 369 1772 409 eius
1803 369 1847 408 in

397 441 585 484 inferiori
627 440 738 481 linea
780 439 981 480 distincte
1021 436 1209 490 ponitur,
1247 442 1295 478 vt
1335 435 1493 478 sciatur
1532 443 1745 490 quantum
1791 438 1847 477 de

397 523 569 551 summa
590 509 702 549 illius
726 506 899 548 termini
917 505 1042 552 desit,
1060 509 1104 545 et
1126 504 1275 545 statim
1293 503 1528 547 satisfaciat
1548 506 1604 546 ad
1620 506 1847 547 arbitrium

360 598 379 629 ,ς
399 577 723 632 presidentium.
805 573 1001 627 Quilibet
1022 573 1137 613 enim
1157 573 1402 614 vicecomes
1424 573 1705 617 medietatem
1727 574 1850 616 firme

398 647 513 687 illius
538 659 623 698 que
654 644 709 684 de
739 656 818 683 suo
849 642 1059 683 comitatu
1091 655 1169 695 per
1199 654 1359 682 annum
1390 643 1564 696 exurgit
1593 643 1635 683 in
1662 643 1850 684 termino

400 715 474 756 illo
509 714 727 755 soluturus
765 717 843 752 est.
906 710 1094 752 Noueris
1131 716 1278 752 autem
1315 711 1435 764 quod
1473 711 1516 751 in
1549 711 1631 752 hiis
1659 725 1851 752 summo-

399 781 633 823 nitionibus
663 786 787 821 tenor
817 779 1048 821 verborum
1077 792 1164 820 non
1195 785 1388 821 mutatur
1419 779 1499 820 nisi
1530 779 1648 834 quod
1673 781 1730 821 ad
1762 785 1850 820 ter—

354 859 382 890 B
402 851 566 892 minum
594 849 784 903 pertinet
816 847 884 889 vel
918 847 1075 897 locum,
1106 847 1140 889 si
1172 847 1335 889 scilicet
1365 847 1632 889 decreuerint
1668 847 1852 889 maiores

343 933 383 955 ιο
401 918 505 960 alias
527 917 762 959 tenendum
787 916 1050 958 scaccarium
1069 915 1235 956 Pasche
1259 922 1303 957 et
1324 915 1429 957 alias
1451 916 1586 958 sancti
1610 915 1852 957 Michaelis.

401 987 503 1037 Sed,
525 986 678 1027 eadem
707 985 868 1027 virtute
894 984 1126 1026 verborum
1156 984 1199 1025 in
1225 984 1419 1037 Vtrisque
1442 984 1854 1026 summonitionibus

400 1061 584 1103 seruata,
620 1054 841 1096 dissimilis
884 1059 951 1095 est
994 1053 1243 1094 debitorum
1284 1059 1569 1107 exceptorum
1611 1052 1854 1094 annotatio.

403 1126 454 1166 In
485 1123 826 1165 summonitione
856 1135 1048 1176 namque
1081 1128 1232 1163 contra
1267 1123 1502 1164 terminum
1531 1121 1697 1163 Pasche
1726 1121 1855 1172 facta,

401 1193 504 1247 quia
528 1199 631 1234 tunc
660 1205 797 1233 annus
822 1190 892 1233 ille
917 1191 1072 1232 dicitur
1099 1190 1269 1242 initiari,
1295 1191 1548 1245 simpliciter
1576 1191 1751 1241 dicetur,
1772 1194 1781 1212 ‘
1799 1190 1855 1231 de

344 1275 383 1308 15
403 1262 480 1303 illo
500 1261 663 1302 habeas
683 1259 739 1300 x.’
813 1260 873 1301 Et
894 1260 950 1300 de
972 1259 1053 1301 hac
1075 1259 1416 1301 summonitione
1433 1273 1519 1300 non
1540 1259 1619 1300 nisi
1641 1258 1856 1300 soluendo

403 1338 508 1372 tunc
535 1329 605 1371 vel
631 1327 937 1370 satisfaciendo
962 1328 1018 1369 de
1046 1342 1091 1369 Χ.
1114 1327 1372 1369 absoluetur.
1443 1328 1511 1369 At
1532 1342 1632 1369 cum
1658 1327 1855 1369 facienda

404 1407 471 1441 est
487 1398 769 1440 summonitio
785 1398 841 1438 de
857 1397 1045 1438 termino
1061 1397 1199 1438 sancti
1218 1396 1455 1448 Michaelis,
1473 1397 1517 1437 in
1537 1411 1625 1450 quo
1641 1396 1857 1438 clauditur

405 1474 449 1509 et
479 1467 735 1508 terminatur
765 1467 881 1507 idem
917 1479 1054 1506 annus
1085 1472 1128 1507 et
1159 1464 1207 1507 fit
1238 1465 1403 1507 annalis
1434 1465 1610 1515 rotulus,
1641 1465 1857 1506 addentur

406 1535 614 1589 predictis
639 1548 684 1575 Χ.
706 1533 791 1576 alia
811 1548 856 1575 Χ.
878 1534 947 1576 vel
964 1533 1100 1587 plura,
1122 1534 1232 1575 sicut
1254 1534 1573 1587 presidentibus
1594 1533 1856 1575 taxantibus

349 1619 389 1641 20
408 1605 547 1645 visum
579 1603 720 1654 suerit,
741 1609 785 1644 et
812 1603 993 1653 dicetur,
1014 1604 1095 1644 ‘de
1123 1601 1197 1644 illo
1227 1602 1390 1645 habeas
1417 1602 1510 1643 ΧΧ.’
1537 1603 1611 1657 qui
1637 1610 1784 1644 tamen
1813 1603 1856 1643 in

408 1673 593 1714 termino
616 1671 781 1714 Pasche
806 1672 860 1713 de
882 1671 963 1712 hac
985 1672 1079 1725 ipsa
1107 1685 1278 1713 summa
1300 1686 1343 1712 Χ.
1365 1671 1567 1724 soluerat,
1589 1679 1655 1714 set
1685 1671 1857 1713 soluens

408 1755 454 1782 Χ.
487 1741 529 1781 in
559 1741 747 1782 denariis
776 1753 902 1790 nunc,
927 1747 971 1782 et
996 1739 1220 1795 proferens
1247 1740 1408 1782 taleam
1445 1741 1499 1782 de
1527 1755 1569 1782 Χ.
1601 1741 1856 1782 iamdudum

407 1809 563 1851 solutis
598 1808 767 1851 absolui
809 1809 1045 1850 merebitur
1088 1823 1114 1850 a
1153 1809 1503 1851 summonitione.
1575 1809 1757 1851 Dictum
1793 1815 1858 1850 est

409 1879 524 1919 enim
552 1878 593 1919 in
630 1878 969 1920 summonitione
1001 1880 1108 1919 ‘hec
1144 1877 1292 1919 omnia
1323 1877 1487 1919 habeas
1516 1878 1560 1919 in
1595 1877 1782 1919 denariis
1815 1885 1859 1919 et

352 1961 389 1993 25
408 1946 613 1988 breuibus
653 1953 697 1987 et
737 1944 888 1988 taleis.'
950 1945 1138 1987 Noueris
1178 1951 1375 2000 preterea
1415 1946 1547 1999 quod,
1589 1945 1705 1987 facta
1744 1959 1861 1987 sum-

410 2015 660 2065 monitione,
699 2015 734 2055 si
774 2015 881 2056 dum
921 2015 1149 2069 corrigitur
1192 2014 1394 2056 inuentus
1434 2014 1558 2056 fuerit
1602 2029 1731 2064 error,
1774 2028 1861 2055 non

409 2084 540 2126 debet
562 2085 776 2126 subducta
804 2083 917 2126 linea
939 2083 1163 2125 cancellari
1189 2089 1257 2125 set
1285 2097 1366 2126 nec
1390 2084 1553 2135 abradi,
1577 2084 1679 2138 quia
1706 2090 1862 2138 patens

410 2154 620 2207 scriptum
661 2160 739 2203 est,
771 2153 908 2194 immo
949 2153 1094 2207 potius
1126 2153 1170 2193 in
1205 2167 1294 2206 quo
1334 2160 1525 2195 erratum
1566 2152 1695 2194 fuerit
1729 2153 1863 2195 debet

411 2224 584 2276 penitus
619 2221 852 2273 obliterari,
887 2228 936 2263 vt
970 2223 1089 2275 quod
1125 2222 1335 2275 scripturn
1370 2222 1523 2272 fuerat,
1556 2221 1662 2263 nulli
1699 2228 1861 2275 pateat.

353 2304 395 2333 30
414 2291 548 2333 Cuius
580 2291 639 2332 rei
671 2304 812 2339 causa,
835 2291 871 2332 si
901 2297 1048 2333 tecum
1079 2304 1208 2344 super
1231 2290 1312 2331 hiis
1343 2290 1604 2341 actitaueris‚
1625 2289 1750 2331 facile
1779 2290 1861 2332 tibi

411 2360 528 2401 valet
549 2374 785 2401 occurrere.

468 2428 728 2482 Disczpulus.
790 2428 916 2477 Cum,
949 2428 1060 2470 sicut
1095 2440 1428 2479 commemoras,
1463 2434 1618 2480 patens
1658 2426 1715 2468 sit
1755 2427 1862 2469 illud

367 2504 393 2535 C
413 2498 632 2551 scripturn,
653 2504 697 2540 et
718 2497 779 2539 sic
800 2497 1045 2540 vicecomiti
1071 2497 1322 2548 destinetur,
1343 2503 1388 2538 et
1407 2509 1485 2549 per
1504 2496 1636 2551 longa
1663 2502 1863 2550 tempora

463 2619 478 2644 1
508 2609 621 2645 firmis
639 2611 686 2644 N
785 2619 807 2653 4
832 2609 1093 2645 satisfacietN
1201 2616 1219 2654 5
1247 2608 1486 2644 residentium
1505 2608 1537 2644 C
1643 2618 1665 2653 9
1689 2609 1863 2645 decreue-

414 2662 498 2690 runt
509 2657 544 2690 R
641 2667 684 2692 10
699 2659 788 2703 post
803 2657 895 2692 alias
905 2658 1092 2702 posterius
1103 2656 1187 2691 add.
1201 2655 1401 2691 tenendum
1416 2656 1448 2691 C
1542 2664 1583 2691 12
1609 2655 1814 2701 dissimilis]
1828 2663 1865 2692 et

415 2702 544 2737 similis
561 2703 607 2736 N
717 2705 759 2739 18
784 2704 942 2739 addetur
958 2704 1034 2738 NR
1146 2712 1188 2748 19
1213 2701 1286 2746 vel]
1308 2702 1342 2737 li.
1361 2702 1408 2736 N
1512 2703 1720 2738 taxantibus
1737 2714 1807 2737 om.
1822 2703 1869 2737 Ν

416 2757 457 2782 21
478 2760 511 2783 x.
528 2760 597 2784 om.
614 2751 649 2784 R
711 2751 875 2786 soluatur
891 2751 937 2786 N
1027 2759 1071 2785 22
1089 2754 1175 2785 ante
1191 2749 1325 2785 taleam
1342 2749 1426 2783 add.
1443 2761 1466 2783 x
1484 2749 1519 2783 in
1538 2749 1570 2784 C
1631 2748 1862 2792 iamdudum]

416 2795 489 2829 iam
506 2795 678 2831 ducturus
696 2797 742 2830 N
829 2807 873 2842 23
899 2809 923 2832 a
940 2797 1120 2833 solutione
1141 2798 1172 2835 C
1263 2804 1307 2839 24
1333 2796 1400 2832 hec
1418 2795 1559 2843 omnia]
1577 2796 1720 2832 heciam
1736 2797 1773 2832 R
1827 2796 1864 2831 in

415 2853 484 2877 om.
502 2842 538 2877 R
631 2851 673 2886 27
701 2843 909 2880 cancellarii
926 2846 962 2880 R
