<?xml version="1.0" encoding="UTF-8"?>
<!DOCTYPE html PUBLIC "-//W3C//DTD XHTML 1.0 Transitional//EN"
    "http://www.w3.org/TR/xhtml1/DTD/xhtml1-transitional.dtd">
<html xmlns="http://www.w3.org/1999/xhtml" xml:lang="en" lang="en">
 <head>
  <title>
</title>
<meta http-equiv="Content-Type" content="text/html;charset=utf-8" />
  <meta name='ocr-system' content='tesseract 3.04.00' />
  <meta name='ocr-capabilities' content='ocr_page ocr_carea ocr_par ocr_line ocrx_word'/>
</head>
<body>
  <div class='ocr_page' id='page_1' title='image "./denecessariisobs00fitzuoft_0174.png"; bbox 0 0 2022 3281; ppageno 0'>
   <div class='ocr_carea' id='block_1_1' title="bbox 423 181 1868 242">
    <p class='ocr_par' dir='ltr' id='par_1_1' title="bbox 423 181 1868 242">
     <span class='ocr_line' id='line_1_1' title="bbox 423 181 1868 242; baseline -0.004 -10"><span class='ocrx_word' id='word_1_1' title='bbox 423 203 504 233; x_wconf 84' lang='lat'><strong>120</strong></span> <span class='ocrx_word' id='word_1_2' title='bbox 906 189 992 232; x_wconf 86' lang='lat' dir='ltr'><strong>DE</strong></span> <span class='ocrx_word' id='word_1_3' title='bbox 1024 185 1384 230; x_wconf 75' lang='lat' dir='ltr'><strong>scACCAmo</strong></span> <span class='ocrx_word' id='word_1_4' title='bbox 1706 181 1763 242; x_wconf 94' lang='lat'><strong>[11</strong></span> <span class='ocrx_word' id='word_1_5' title='bbox 1786 183 1814 223; x_wconf 84' lang='lat' dir='ltr'><strong>ii</strong></span> <span class='ocrx_word' id='word_1_6' title='bbox 1836 191 1868 226; x_wconf 84' lang='lat' dir='ltr'>G</span> 
     </span>
    </p>
   </div>
   <div class='ocr_carea' id='block_1_2' title="bbox 368 298 1895 2793">
    <p class='ocr_par' dir='ltr' id='par_1_2' title="bbox 421 298 1865 424">
     <span class='ocr_line' id='line_1_2' title="bbox 421 298 1865 359; baseline -0.006 -12"><span class='ocrx_word' id='word_1_7' title='bbox 421 305 486 348; x_wconf 89' lang='lat' dir='ltr'><strong>fas</strong></span> <span class='ocrx_word' id='word_1_8' title='bbox 516 305 595 347; x_wconf 90' lang='lat' dir='ltr'><strong>erit</strong></span> <span class='ocrx_word' id='word_1_9' title='bbox 621 304 725 359; x_wconf 91' lang='lat' dir='ltr'><strong>ipsis</strong></span> <span class='ocrx_word' id='word_1_10' title='bbox 758 304 891 346; x_wconf 88' lang='lat' dir='ltr'><strong>etiam</strong></span> <span class='ocrx_word' id='word_1_11' title='bbox 928 301 1158 350; x_wconf 84' lang='lat' dir='ltr'><strong>iudicibus,</strong></span> <span class='ocrx_word' id='word_1_12' title='bbox 1187 298 1303 341; x_wconf 88' lang='lat' dir='ltr'><strong>facta</strong></span> <span class='ocrx_word' id='word_1_13' title='bbox 1332 299 1578 349; x_wconf 83' lang='lat' dir='ltr'>traditione,</span> <span class='ocrx_word' id='word_1_14' title='bbox 1609 299 1701 341; x_wconf 90' lang='lat' dir='ltr'><strong>iota</strong></span> <span class='ocrx_word' id='word_1_15' title='bbox 1731 310 1865 339; x_wconf 89' lang='lat' dir='ltr'><strong>vnum</strong></span> 
     </span>
     <span class='ocr_line' id='line_1_3' title="bbox 422 367 1631 424; baseline -0.007 -8"><span class='ocrx_word' id='word_1_16' title='bbox 422 381 592 415; x_wconf 88' lang='lat' dir='ltr'><strong>mutare</strong></span> <span class='ocrx_word' id='word_1_17' title='bbox 614 373 745 415; x_wconf 90' lang='lat' dir='ltr'><strong>etiam</strong></span> <span class='ocrx_word' id='word_1_18' title='bbox 767 373 809 413; x_wconf 90' lang='lat' dir='ltr'><strong>in</strong></span> <span class='ocrx_word' id='word_1_19' title='bbox 831 372 949 424; x_wconf 89' lang='lat' dir='ltr'><strong>quod</strong></span> <span class='ocrx_word' id='word_1_20' title='bbox 971 382 1122 410; x_wconf 91' lang='lat' dir='ltr'><strong>omnes</strong></span> <span class='ocrx_word' id='word_1_21' title='bbox 1142 368 1306 409; x_wconf 90' lang='lat' dir='ltr'><strong>iudices</strong></span> <span class='ocrx_word' id='word_1_22' title='bbox 1328 367 1631 409; x_wconf 85' lang='lat' dir='ltr'><strong>consenserint.</strong></span> 
     </span>
    </p>

    <p class='ocr_par' dir='ltr' id='par_1_3' title="bbox 422 436 1868 558">
     <span class='ocr_line' id='line_1_4' title="bbox 478 436 1868 495; baseline -0.006 -11"><span class='ocrx_word' id='word_1_23' title='bbox 478 442 735 495; x_wconf 82' lang='lat' dir='ltr'><strong>Dz&#39;scipulus.</strong></span> <span class='ocrx_word' id='word_1_24' title='bbox 815 441 914 481; x_wconf 91' lang='lat' dir='ltr'><strong>Hoc</strong></span> <span class='ocrx_word' id='word_1_25' title='bbox 959 436 1153 479; x_wconf 88' lang='lat' dir='ltr'><strong>mirabile</strong></span> <span class='ocrx_word' id='word_1_26' title='bbox 1192 443 1257 477; x_wconf 92' lang='lat' dir='ltr'><strong>est</strong></span> <span class='ocrx_word' id='word_1_27' title='bbox 1298 437 1429 490; x_wconf 90' lang='lat' dir='ltr'><strong>quod,</strong></span> <span class='ocrx_word' id='word_1_28' title='bbox 1469 450 1567 478; x_wconf 91' lang='lat' dir='ltr'><strong>cum</strong></span> <span class='ocrx_word' id='word_1_29' title='bbox 1608 436 1868 489; x_wconf 86' lang='lat' dir='ltr'><strong>scriptorum</strong></span> 
     </span>
     <span class='ocr_line' id='line_1_5' title="bbox 422 502 1868 558; baseline -0.006 -5"><span class='ocrx_word' id='word_1_30' title='bbox 422 524 597 552; x_wconf 88' lang='lat' dir='ltr'><strong>suorum</strong></span> <span class='ocrx_word' id='word_1_31' title='bbox 619 516 818 552; x_wconf 86' lang='lat' dir='ltr'>auctores</span> <span class='ocrx_word' id='word_1_32' title='bbox 843 508 941 555; x_wconf 91' lang='lat' dir='ltr'><strong>sint,</strong></span> <span class='ocrx_word' id='word_1_33' title='bbox 971 513 1014 547; x_wconf 92' lang='lat' dir='ltr'><strong>et</strong></span> <span class='ocrx_word' id='word_1_34' title='bbox 1043 519 1130 546; x_wconf 91' lang='lat' dir='ltr'><strong>non</strong></span> <span class='ocrx_word' id='word_1_35' title='bbox 1160 505 1239 545; x_wconf 92' lang='lat' dir='ltr'><strong>nisi</strong></span> <span class='ocrx_word' id='word_1_36' title='bbox 1268 505 1323 545; x_wconf 92' lang='lat' dir='ltr'><strong>de</strong></span> <span class='ocrx_word' id='word_1_37' title='bbox 1350 505 1542 558; x_wconf 91' lang='lat' dir='ltr'><strong>ipsorum</strong></span> <span class='ocrx_word' id='word_1_38' title='bbox 1569 504 1781 545; x_wconf 89' lang='lat' dir='ltr'><strong>industria</strong></span> <span class='ocrx_word' id='word_1_39' title='bbox 1799 502 1868 544; x_wconf 90' lang='lat' dir='ltr'><strong>vel</strong></span> 
     </span>
    </p>

    <p class='ocr_par' dir='ltr' id='par_1_4' title="bbox 385 573 1869 700">
     <span class='ocr_line' id='line_1_6' title="bbox 385 573 1869 631; baseline -0.005 -11"><span class='ocrx_word' id='word_1_40' title='bbox 385 597 402 628; x_wconf 86' lang='lat'>5</span> <span class='ocrx_word' id='word_1_41' title='bbox 423 579 571 620; x_wconf 86' lang='lat' dir='ltr'><strong>labore</strong></span> <span class='ocrx_word' id='word_1_42' title='bbox 611 577 880 631; x_wconf 86' lang='lat' dir='ltr'><strong>proueniant,</strong></span> <span class='ocrx_word' id='word_1_43' title='bbox 917 575 1050 616; x_wconf 87' lang='lat' dir='ltr'><strong>etiam</strong></span> <span class='ocrx_word' id='word_1_44' title='bbox 1098 574 1140 614; x_wconf 91' lang='lat' dir='ltr'><strong>in</strong></span> <span class='ocrx_word' id='word_1_45' title='bbox 1177 587 1310 614; x_wconf 91' lang='lat' dir='ltr'><strong>vnum</strong></span> <span class='ocrx_word' id='word_1_46' title='bbox 1353 573 1515 627; x_wconf 88' lang='lat' dir='ltr'><strong>aliquid</strong></span> <span class='ocrx_word' id='word_1_47' title='bbox 1548 573 1869 615; x_wconf 86' lang='lat' dir='ltr'><strong>consentientes.</strong></span> 
     </span>
     <span class='ocr_line' id='line_1_7' title="bbox 423 645 1394 700; baseline -0.006 -11"><span class='ocrx_word' id='word_1_48' title='bbox 423 649 632 700; x_wconf 87' lang='lat' dir='ltr'><strong>scripturn</strong></span> <span class='ocrx_word' id='word_1_49' title='bbox 652 645 878 698; x_wconf 89' lang='lat' dir='ltr'><strong>proprium</strong></span> <span class='ocrx_word' id='word_1_50' title='bbox 901 651 1068 684; x_wconf 87' lang='lat' dir='ltr'><strong>mutare</strong></span> <span class='ocrx_word' id='word_1_51' title='bbox 1088 657 1174 684; x_wconf 92' lang='lat' dir='ltr'><strong>non</strong></span> <span class='ocrx_word' id='word_1_52' title='bbox 1197 648 1394 696; x_wconf 83' lang='lat' dir='ltr'><strong>possunt.</strong></span> 
     </span>
    </p>

    <p class='ocr_par' dir='ltr' id='par_1_5' title="bbox 422 710 1872 904">
     <span class='ocr_line' id='line_1_8' title="bbox 479 710 1872 768; baseline -0.004 -12"><span class='ocrx_word' id='word_1_53' title='bbox 479 715 711 768; x_wconf 78' lang='lat' dir='ltr'><em>Magister.</em></span> <span class='ocrx_word' id='word_1_54' title='bbox 787 713 899 754; x_wconf 91' lang='lat' dir='ltr'><strong>Cum</strong></span> <span class='ocrx_word' id='word_1_55' title='bbox 939 711 1107 753; x_wconf 87' lang='lat' dir='ltr'><strong>indulta</strong></span> <span class='ocrx_word' id='word_1_56' title='bbox 1147 712 1236 753; x_wconf 89' lang='lat' dir='ltr'><strong>sint</strong></span> <span class='ocrx_word' id='word_1_57' title='bbox 1279 710 1554 752; x_wconf 82' lang='lat' dir='ltr'><strong>correctionis</strong></span> <span class='ocrx_word' id='word_1_58' title='bbox 1588 717 1788 763; x_wconf 91' lang='lat' dir='ltr'><strong>tempora</strong></span> <span class='ocrx_word' id='word_1_59' title='bbox 1828 714 1872 751; x_wconf 86' lang='lat' dir='ltr'><strong>et</strong></span> 
     </span>
     <span class='ocr_line' id='line_1_9' title="bbox 422 778 1871 837; baseline -0.003 -13"><span class='ocrx_word' id='word_1_60' title='bbox 422 783 564 837; x_wconf 88' lang='lat' dir='ltr'><strong>legem</strong></span> <span class='ocrx_word' id='word_1_61' title='bbox 604 781 805 823; x_wconf 91' lang='lat' dir='ltr'><strong>nouerint</strong></span> <span class='ocrx_word' id='word_1_62' title='bbox 845 781 1142 828; x_wconf 83' lang='lat' dir='ltr'><strong>constitutam,</strong></span> <span class='ocrx_word' id='word_1_63' title='bbox 1188 779 1268 821; x_wconf 89' lang='lat' dir='ltr'><strong>sibi</strong></span> <span class='ocrx_word' id='word_1_64' title='bbox 1315 779 1543 832; x_wconf 89' lang='lat' dir='ltr'><strong>imputent.</strong></span> <span class='ocrx_word' id='word_1_65' title='bbox 1605 778 1871 820; x_wconf 88' lang='lat' dir='ltr'><strong>Oblatorum</strong></span> 
     </span>
     <span class='ocr_line' id='line_1_10' title="bbox 423 848 1871 904; baseline -0.003 -11"><span class='ocrx_word' id='word_1_66' title='bbox 423 853 538 893; x_wconf 89' lang='lat' dir='ltr'><strong>enim</strong></span> <span class='ocrx_word' id='word_1_67' title='bbox 560 864 734 892; x_wconf 90' lang='lat' dir='ltr'><strong>summa</strong></span> <span class='ocrx_word' id='word_1_68' title='bbox 748 850 816 891; x_wconf 92' lang='lat' dir='ltr'><strong>vel</strong></span> <span class='ocrx_word' id='word_1_69' title='bbox 838 851 895 890; x_wconf 91' lang='lat' dir='ltr'><strong>ab</strong></span> <span class='ocrx_word' id='word_1_70' title='bbox 917 849 1022 904; x_wconf 91' lang='lat' dir='ltr'><strong>ipsis</strong></span> <span class='ocrx_word' id='word_1_71' title='bbox 1043 849 1322 899; x_wconf 81' lang='lat' dir='ltr'><strong>debitoribus,</strong></span> <span class='ocrx_word' id='word_1_72' title='bbox 1342 850 1377 890; x_wconf 92' lang='lat' dir='ltr'><strong>si</strong></span> <span class='ocrx_word' id='word_1_73' title='bbox 1395 849 1437 889; x_wconf 91' lang='lat' dir='ltr'><strong>in</strong></span> <span class='ocrx_word' id='word_1_74' title='bbox 1458 849 1540 890; x_wconf 88' lang='lat' dir='ltr'><strong>hac</strong></span> <span class='ocrx_word' id='word_1_75' title='bbox 1561 848 1871 901; x_wconf 89' lang='lat' dir='ltr'><strong>condempnati</strong></span> 
     </span>
    </p>

    <p class='ocr_par' dir='ltr' id='par_1_6' title="bbox 369 917 1876 1250">
     <span class='ocr_line' id='line_1_11' title="bbox 369 917 1873 974; baseline 0 -16"><span class='ocrx_word' id='word_1_76' title='bbox 369 938 404 959; x_wconf 85' lang='lat'><strong>10</strong></span> <span class='ocrx_word' id='word_1_77' title='bbox 424 927 536 970; x_wconf 89' lang='lat' dir='ltr'><strong>sunt,</strong></span> <span class='ocrx_word' id='word_1_78' title='bbox 557 920 627 961; x_wconf 94' lang='lat' dir='ltr'><strong>vel</strong></span> <span class='ocrx_word' id='word_1_79' title='bbox 648 921 704 961; x_wconf 89' lang='lat' dir='ltr'><strong>ab</strong></span> <span class='ocrx_word' id='word_1_80' title='bbox 727 919 831 974; x_wconf 91' lang='lat' dir='ltr'><strong>ipsis</strong></span> <span class='ocrx_word' id='word_1_81' title='bbox 857 919 1070 959; x_wconf 89' lang='lat' dir='ltr'><strong>iudicibus</strong></span> <span class='ocrx_word' id='word_1_82' title='bbox 1092 918 1342 972; x_wconf 89' lang='lat' dir='ltr'><strong>requiretur.</strong></span> <span class='ocrx_word' id='word_1_83' title='bbox 1402 918 1466 959; x_wconf 92' lang='lat' dir='ltr'><strong>Vt</strong></span> <span class='ocrx_word' id='word_1_84' title='bbox 1493 918 1527 959; x_wconf 89' lang='lat' dir='ltr'><strong>si</strong></span> <span class='ocrx_word' id='word_1_85' title='bbox 1556 918 1598 958; x_wconf 90' lang='lat' dir='ltr'><strong>in</strong></span> <span class='ocrx_word' id='word_1_86' title='bbox 1622 917 1765 959; x_wconf 91' lang='lat' dir='ltr'><strong>rotulo</strong></span> <span class='ocrx_word' id='word_1_87' title='bbox 1793 931 1873 958; x_wconf 91' lang='lat' dir='ltr'><strong>suo</strong></span> 
     </span>
     <span class='ocr_line' id='line_1_12' title="bbox 424 986 1875 1043; baseline -0.003 -12"><span class='ocrx_word' id='word_1_88' title='bbox 424 990 792 1043; x_wconf 85' lang='lat' dir='ltr'><strong>condempnatum</strong></span> <span class='ocrx_word' id='word_1_89' title='bbox 825 988 1013 1041; x_wconf 86' lang='lat' dir='ltr'><strong>aliquem</strong></span> <span class='ocrx_word' id='word_1_90' title='bbox 1048 988 1090 1028; x_wconf 92' lang='lat' dir='ltr'><strong>in</strong></span> <span class='ocrx_word' id='word_1_91' title='bbox 1121 986 1338 1028; x_wconf 89' lang='lat' dir='ltr'><strong>solutione</strong></span> <span class='ocrx_word' id='word_1_92' title='bbox 1369 1001 1448 1027; x_wconf 84' lang='lat' dir='ltr'><strong>xx.</strong></span> <span class='ocrx_word' id='word_1_93' title='bbox 1482 986 1786 1040; x_wconf 88' lang='lat' dir='ltr'><strong>descripserint</strong></span> <span class='ocrx_word' id='word_1_94' title='bbox 1818 992 1875 1034; x_wconf 89' lang='lat' dir='ltr'><strong>et,</strong></span> 
     </span>
     <span class='ocr_line' id='line_1_13' title="bbox 424 1055 1876 1109; baseline -0.004 -9"><span class='ocrx_word' id='word_1_95' title='bbox 424 1058 586 1100; x_wconf 87' lang='lat' dir='ltr'><strong>tradita</strong></span> <span class='ocrx_word' id='word_1_96' title='bbox 607 1058 694 1099; x_wconf 88' lang='lat' dir='ltr'><strong>iam</strong></span> <span class='ocrx_word' id='word_1_97' title='bbox 717 1057 916 1098; x_wconf 85' lang='lat' dir='ltr'><strong>cautione</strong></span> <span class='ocrx_word' id='word_1_98' title='bbox 936 1056 1219 1109; x_wconf 83' lang='lat' dir='ltr'><strong>thesaurario,</strong></span> <span class='ocrx_word' id='word_1_99' title='bbox 1240 1055 1453 1098; x_wconf 91' lang='lat' dir='ltr'><strong>recordati</strong></span> <span class='ocrx_word' id='word_1_100' title='bbox 1474 1055 1630 1096; x_wconf 85' lang='lat' dir='ltr'><strong>fuerint</strong></span> <span class='ocrx_word' id='word_1_101' title='bbox 1650 1056 1768 1108; x_wconf 89' lang='lat' dir='ltr'><strong>quod</strong></span> <span class='ocrx_word' id='word_1_102' title='bbox 1790 1067 1876 1095; x_wconf 91' lang='lat' dir='ltr'><strong>non</strong></span> 
     </span>
     <span class='ocr_line' id='line_1_14' title="bbox 424 1124 1876 1180; baseline -0.001 -12"><span class='ocrx_word' id='word_1_103' title='bbox 424 1133 625 1168; x_wconf 86' lang='lat' dir='ltr'><strong>teneatur</strong></span> <span class='ocrx_word' id='word_1_104' title='bbox 656 1126 728 1168; x_wconf 91' lang='lat' dir='ltr'><strong>ille</strong></span> <span class='ocrx_word' id='word_1_105' title='bbox 756 1127 836 1167; x_wconf 90' lang='lat' dir='ltr'><strong>nisi</strong></span> <span class='ocrx_word' id='word_1_106' title='bbox 865 1126 907 1166; x_wconf 90' lang='lat' dir='ltr'><strong>in</strong></span> <span class='ocrx_word' id='word_1_107' title='bbox 936 1140 980 1166; x_wconf 85' lang='lat' dir='ltr'><strong>x.</strong></span> <span class='ocrx_word' id='word_1_108' title='bbox 1003 1125 1085 1180; x_wconf 89' lang='lat' dir='ltr'><strong>ipsi</strong></span> <span class='ocrx_word' id='word_1_109' title='bbox 1118 1126 1279 1166; x_wconf 90' lang='lat' dir='ltr'><strong>iudices</strong></span> <span class='ocrx_word' id='word_1_110' title='bbox 1309 1126 1365 1167; x_wconf 94' lang='lat' dir='ltr'><strong>de</strong></span> <span class='ocrx_word' id='word_1_111' title='bbox 1394 1126 1568 1167; x_wconf 90' lang='lat' dir='ltr'><strong>residuo</strong></span> <span class='ocrx_word' id='word_1_112' title='bbox 1596 1124 1876 1173; x_wconf 85' lang='lat' dir='ltr'><strong>satisfacient,</strong></span> 
     </span>
     <span class='ocr_line' id='line_1_15' title="bbox 425 1194 1874 1250; baseline -0.002 -13"><span class='ocrx_word' id='word_1_113' title='bbox 425 1196 527 1249; x_wconf 87' lang='lat' dir='ltr'><strong>quia</strong></span> <span class='ocrx_word' id='word_1_114' title='bbox 548 1196 757 1250; x_wconf 90' lang='lat' dir='ltr'><strong>scriptum</strong></span> <span class='ocrx_word' id='word_1_115' title='bbox 783 1208 908 1235; x_wconf 91' lang='lat' dir='ltr'><strong>suum</strong></span> <span class='ocrx_word' id='word_1_116' title='bbox 930 1208 1030 1234; x_wconf 91' lang='lat' dir='ltr'><strong>cum</strong></span> <span class='ocrx_word' id='word_1_117' title='bbox 1052 1194 1363 1236; x_wconf 84' lang='lat' dir='ltr'><strong>deliberatione</strong></span> <span class='ocrx_word' id='word_1_118' title='bbox 1385 1194 1549 1235; x_wconf 90' lang='lat' dir='ltr'><strong>factum</strong></span> <span class='ocrx_word' id='word_1_119' title='bbox 1570 1201 1614 1235; x_wconf 88' lang='lat' dir='ltr'><strong>et</strong></span> <span class='ocrx_word' id='word_1_120' title='bbox 1635 1200 1874 1236; x_wconf 90' lang='lat' dir='ltr'><strong>correctum</strong></span> 
     </span>
    </p>

    <p class='ocr_par' dir='ltr' id='par_1_7' title="bbox 368 1263 1879 1591">
     <span class='ocr_line' id='line_1_16' title="bbox 368 1263 1877 1317; baseline 0.001 -16"><span class='ocrx_word' id='word_1_121' title='bbox 368 1280 406 1312; x_wconf 87' lang='lat'><strong>15</strong></span> <span class='ocrx_word' id='word_1_122' title='bbox 426 1270 527 1317; x_wconf 90' lang='lat' dir='ltr'><strong>post</strong></span> <span class='ocrx_word' id='word_1_123' title='bbox 552 1264 831 1305; x_wconf 86' lang='lat' dir='ltr'><strong>traditionem</strong></span> <span class='ocrx_word' id='word_1_124' title='bbox 853 1275 1055 1304; x_wconf 88' lang='lat' dir='ltr'><strong>reuocare</strong></span> <span class='ocrx_word' id='word_1_125' title='bbox 1076 1276 1164 1303; x_wconf 93' lang='lat' dir='ltr'><strong>non</strong></span> <span class='ocrx_word' id='word_1_126' title='bbox 1181 1269 1375 1317; x_wconf 85' lang='lat' dir='ltr'><strong>possunt.</strong></span> <span class='ocrx_word' id='word_1_127' title='bbox 1436 1263 1752 1316; x_wconf 85' lang='lat' dir='ltr'><strong>Susceptorum</strong></span> <span class='ocrx_word' id='word_1_128' title='bbox 1774 1275 1877 1303; x_wconf 89' lang='lat' dir='ltr'><strong>vero</strong></span> 
     </span>
     <span class='ocr_line' id='line_1_17' title="bbox 428 1330 1875 1384; baseline -0.001 -11"><span class='ocrx_word' id='word_1_129' title='bbox 428 1333 666 1374; x_wconf 90' lang='lat' dir='ltr'><strong>rotulorum</strong></span> <span class='ocrx_word' id='word_1_130' title='bbox 693 1333 842 1373; x_wconf 88' lang='lat' dir='ltr'><strong>debita</strong></span> <span class='ocrx_word' id='word_1_131' title='bbox 863 1331 1153 1372; x_wconf 83' lang='lat' dir='ltr'><strong>thesaurarius</strong></span> <span class='ocrx_word' id='word_1_132' title='bbox 1182 1332 1225 1372; x_wconf 91' lang='lat' dir='ltr'><strong>in</strong></span> <span class='ocrx_word' id='word_1_133' title='bbox 1254 1345 1414 1384; x_wconf 84' lang='lat' dir='ltr'><strong>magno</strong></span> <span class='ocrx_word' id='word_1_134' title='bbox 1441 1331 1587 1372; x_wconf 89' lang='lat' dir='ltr'><strong>annali</strong></span> <span class='ocrx_word' id='word_1_135' title='bbox 1616 1330 1759 1377; x_wconf 81' lang='lat' dir='ltr'><strong>rotulo</strong></span> <span class='ocrx_word' id='word_1_136' title='bbox 1780 1331 1875 1372; x_wconf 91' lang='lat' dir='ltr'><strong>dili-</strong></span> 
     </span>
     <span class='ocr_line' id='line_1_18' title="bbox 427 1399 1878 1455; baseline -0.001 -14"><span class='ocrx_word' id='word_1_137' title='bbox 427 1407 581 1455; x_wconf 84' lang='lat' dir='ltr'><strong>genter</strong></span> <span class='ocrx_word' id='word_1_138' title='bbox 616 1407 660 1442; x_wconf 88' lang='lat' dir='ltr'><strong>et</strong></span> <span class='ocrx_word' id='word_1_139' title='bbox 698 1400 901 1442; x_wconf 91' lang='lat' dir='ltr'><strong>distincte</strong></span> <span class='ocrx_word' id='word_1_140' title='bbox 934 1413 1011 1453; x_wconf 89' lang='lat' dir='ltr'><strong>per</strong></span> <span class='ocrx_word' id='word_1_141' title='bbox 1055 1399 1249 1452; x_wconf 83' lang='lat' dir='ltr'><strong>singulos</strong></span> <span class='ocrx_word' id='word_1_142' title='bbox 1279 1400 1512 1441; x_wconf 85' lang='lat' dir='ltr'><strong>comitatus</strong></span> <span class='ocrx_word' id='word_1_143' title='bbox 1540 1400 1739 1440; x_wconf 90' lang='lat' dir='ltr'><strong>annotari</strong></span> <span class='ocrx_word' id='word_1_144' title='bbox 1775 1399 1878 1440; x_wconf 87' lang='lat' dir='ltr'><strong>facit</strong></span> 
     </span>
     <span class='ocr_line' id='line_1_19' title="bbox 428 1467 1879 1522; baseline -0.001 -12"><span class='ocrx_word' id='word_1_145' title='bbox 428 1468 555 1510; x_wconf 90' lang='lat' dir='ltr'><strong>simul</strong></span> <span class='ocrx_word' id='word_1_146' title='bbox 576 1482 676 1511; x_wconf 90' lang='lat' dir='ltr'><strong>cum</strong></span> <span class='ocrx_word' id='word_1_147' title='bbox 704 1469 855 1519; x_wconf 91' lang='lat' dir='ltr'><strong>causis,</strong></span> <span class='ocrx_word' id='word_1_148' title='bbox 878 1468 1130 1522; x_wconf 86' lang='lat' dir='ltr'><strong>prenotatis,</strong></span> <span class='ocrx_word' id='word_1_149' title='bbox 1151 1473 1198 1508; x_wconf 92' lang='lat' dir='ltr'><strong>vt</strong></span> <span class='ocrx_word' id='word_1_150' title='bbox 1227 1468 1312 1508; x_wconf 90' lang='lat' dir='ltr'><strong>iarn</strong></span> <span class='ocrx_word' id='word_1_151' title='bbox 1334 1468 1500 1509; x_wconf 91' lang='lat' dir='ltr'><strong>dictum</strong></span> <span class='ocrx_word' id='word_1_152' title='bbox 1529 1475 1607 1516; x_wconf 85' lang='lat' dir='ltr'><strong>est,</strong></span> <span class='ocrx_word' id='word_1_153' title='bbox 1629 1467 1879 1509; x_wconf 88' lang='lat' dir='ltr'><strong>nominibus</strong></span> 
     </span>
     <span class='ocr_line' id='line_1_20' title="bbox 429 1535 1879 1591; baseline -0.001 -12"><span class='ocrx_word' id='word_1_154' title='bbox 429 1538 633 1587; x_wconf 87' lang='lat' dir='ltr'><strong>iudicum,</strong></span> <span class='ocrx_word' id='word_1_155' title='bbox 651 1544 696 1578; x_wconf 91' lang='lat' dir='ltr'><strong>vt</strong></span> <span class='ocrx_word' id='word_1_156' title='bbox 715 1550 792 1591; x_wconf 92' lang='lat' dir='ltr'><strong>per</strong></span> <span class='ocrx_word' id='word_1_157' title='bbox 808 1537 891 1577; x_wconf 93' lang='lat' dir='ltr'><strong>hoc</strong></span> <span class='ocrx_word' id='word_1_158' title='bbox 908 1543 1163 1577; x_wconf 87' lang='lat' dir='ltr'><strong>exactorum</strong></span> <span class='ocrx_word' id='word_1_159' title='bbox 1185 1535 1260 1578; x_wconf 85' lang='lat' dir='ltr'><strong>fiat</strong></span> <span class='ocrx_word' id='word_1_160' title='bbox 1278 1537 1493 1578; x_wconf 90' lang='lat' dir='ltr'><strong>discretio.</strong></span> <span class='ocrx_word' id='word_1_161' title='bbox 1555 1537 1627 1576; x_wconf 83' lang='lat' dir='ltr'><strong>Ex</strong></span> <span class='ocrx_word' id='word_1_162' title='bbox 1649 1536 1731 1577; x_wconf 90' lang='lat' dir='ltr'><strong>hiis</strong></span> <span class='ocrx_word' id='word_1_163' title='bbox 1748 1537 1879 1589; x_wconf 87' lang='lat' dir='ltr'><strong>igitur</strong></span> 
     </span>
    </p>

    <p class='ocr_par' dir='ltr' id='par_1_8' title="bbox 372 1604 1880 1782">
     <span class='ocr_line' id='line_1_21' title="bbox 372 1604 1879 1659; baseline 0.001 -16"><span class='ocrx_word' id='word_1_164' title='bbox 372 1622 412 1643; x_wconf 82' lang='lat'><strong>20</strong></span> <span class='ocrx_word' id='word_1_165' title='bbox 430 1606 789 1647; x_wconf 88' lang='lat' dir='ltr'><strong>summonitiones</strong></span> <span class='ocrx_word' id='word_1_166' title='bbox 812 1605 920 1646; x_wconf 88' lang='lat' dir='ltr'><strong>fiant</strong></span> <span class='ocrx_word' id='word_1_167' title='bbox 940 1604 1001 1645; x_wconf 90' lang='lat' dir='ltr'><strong>sic</strong></span> <span class='ocrx_word' id='word_1_168' title='bbox 1023 1607 1032 1624; x_wconf 89' lang='lat'>‘</span> <span class='ocrx_word' id='word_1_169' title='bbox 1051 1605 1121 1645; x_wconf 93' lang='lat' dir='ltr'><strong>De</strong></span> <span class='ocrx_word' id='word_1_170' title='bbox 1142 1604 1314 1659; x_wconf 88' lang='lat' dir='ltr'><strong>placitis</strong></span> <span class='ocrx_word' id='word_1_171' title='bbox 1342 1604 1513 1645; x_wconf 89' lang='lat' dir='ltr'><strong>illorum</strong></span> <span class='ocrx_word' id='word_1_172' title='bbox 1536 1605 1593 1645; x_wconf 91' lang='lat' dir='ltr'><strong>N.</strong></span> <span class='ocrx_word' id='word_1_173' title='bbox 1616 1605 1672 1645; x_wconf 90' lang='lat' dir='ltr'><strong>de</strong></span> <span class='ocrx_word' id='word_1_174' title='bbox 1701 1604 1775 1646; x_wconf 93' lang='lat' dir='ltr'><strong>illo</strong></span> <span class='ocrx_word' id='word_1_175' title='bbox 1795 1604 1879 1646; x_wconf 92' lang='lat' dir='ltr'><strong>hoc</strong></span> 
     </span>
     <span class='ocr_line' id='line_1_22' title="bbox 431 1669 1880 1725; baseline -0.001 -12"><span class='ocrx_word' id='word_1_176' title='bbox 431 1680 474 1713; x_wconf 93' lang='lat' dir='ltr'><strong>et</strong></span> <span class='ocrx_word' id='word_1_177' title='bbox 505 1673 560 1713; x_wconf 91' lang='lat' dir='ltr'><strong>de</strong></span> <span class='ocrx_word' id='word_1_178' title='bbox 591 1671 664 1712; x_wconf 91' lang='lat' dir='ltr'><strong>illo</strong></span> <span class='ocrx_word' id='word_1_179' title='bbox 696 1669 826 1713; x_wconf 91' lang='lat' dir='ltr'><strong>illud’</strong></span> <span class='ocrx_word' id='word_1_180' title='bbox 857 1670 1097 1711; x_wconf 91' lang='lat' dir='ltr'><strong>secundum</strong></span> <span class='ocrx_word' id='word_1_181' title='bbox 1132 1671 1250 1725; x_wconf 91' lang='lat' dir='ltr'><strong>quod</strong></span> <span class='ocrx_word' id='word_1_182' title='bbox 1282 1672 1550 1725; x_wconf 89' lang='lat' dir='ltr'><strong>presidentes</strong></span> <span class='ocrx_word' id='word_1_183' title='bbox 1581 1672 1700 1725; x_wconf 87' lang='lat' dir='ltr'><strong>prius</strong></span> <span class='ocrx_word' id='word_1_184' title='bbox 1730 1670 1880 1712; x_wconf 86' lang='lat' dir='ltr'><strong>debita</strong></span> 
     </span>
     <span class='ocr_line' id='line_1_23' title="bbox 429 1746 709 1782; baseline 0 -1"><span class='ocrx_word' id='word_1_185' title='bbox 429 1746 709 1782; x_wconf 86' lang='lat' dir='ltr'><strong>taxauerunt.</strong></span> 
     </span>
    </p>

    <p class='ocr_par' dir='ltr' id='par_1_9' title="bbox 431 1807 1882 1931">
     <span class='ocr_line' id='line_1_24' title="bbox 491 1807 1882 1862; baseline -0.001 -12"><span class='ocrx_word' id='word_1_186' title='bbox 491 1809 644 1850; x_wconf 89' lang='lat' dir='ltr'><strong>Habes</strong></span> <span class='ocrx_word' id='word_1_187' title='bbox 695 1822 752 1848; x_wconf 86' lang='lat' dir='ltr'><strong>ex</strong></span> <span class='ocrx_word' id='word_1_188' title='bbox 798 1807 1015 1862; x_wconf 91' lang='lat' dir='ltr'><strong>predictis,</strong></span> <span class='ocrx_word' id='word_1_189' title='bbox 1067 1813 1114 1848; x_wconf 92' lang='lat' dir='ltr'><strong>vt</strong></span> <span class='ocrx_word' id='word_1_190' title='bbox 1166 1808 1395 1858; x_wconf 90' lang='lat' dir='ltr'><strong>credimus,</strong></span> <span class='ocrx_word' id='word_1_191' title='bbox 1445 1814 1657 1861; x_wconf 88' lang='lat' dir='ltr'><strong>quantum</strong></span> <span class='ocrx_word' id='word_1_192' title='bbox 1708 1820 1882 1849; x_wconf 90' lang='lat' dir='ltr'><strong>necesse</strong></span> 
     </span>
     <span class='ocr_line' id='line_1_25' title="bbox 431 1875 1882 1931; baseline -0.003 -12"><span class='ocrx_word' id='word_1_193' title='bbox 431 1885 509 1926; x_wconf 85' lang='lat' dir='ltr'><strong>est,</strong></span> <span class='ocrx_word' id='word_1_194' title='bbox 532 1891 590 1918; x_wconf 86' lang='lat' dir='ltr'><strong>ex</strong></span> <span class='ocrx_word' id='word_1_195' title='bbox 611 1877 768 1931; x_wconf 92' lang='lat' dir='ltr'><strong>quibus</strong></span> <span class='ocrx_word' id='word_1_196' title='bbox 797 1883 840 1918; x_wconf 90' lang='lat' dir='ltr'><strong>et</strong></span> <span class='ocrx_word' id='word_1_197' title='bbox 865 1876 1052 1930; x_wconf 83' lang='lat' dir='ltr'><strong>qualiter</strong></span> <span class='ocrx_word' id='word_1_198' title='bbox 1078 1882 1122 1917; x_wconf 92' lang='lat' dir='ltr'><strong>et</strong></span> <span class='ocrx_word' id='word_1_199' title='bbox 1150 1877 1204 1918; x_wconf 88' lang='lat' dir='ltr'><strong>ad</strong></span> <span class='ocrx_word' id='word_1_200' title='bbox 1227 1877 1331 1929; x_wconf 89' lang='lat' dir='ltr'><strong>quid</strong></span> <span class='ocrx_word' id='word_1_201' title='bbox 1361 1877 1719 1918; x_wconf 89' lang='lat' dir='ltr'><strong>summonitiones</strong></span> <span class='ocrx_word' id='word_1_202' title='bbox 1748 1875 1882 1916; x_wconf 87' lang='lat' dir='ltr'><strong>fiant:</strong></span> 
     </span>
    </p>

    <p class='ocr_par' dir='ltr' id='par_1_10' title="bbox 374 1945 1886 2123">
     <span class='ocr_line' id='line_1_26' title="bbox 374 1945 1882 1999; baseline 0 -14"><span class='ocrx_word' id='word_1_203' title='bbox 374 1963 411 1995; x_wconf 83' lang='lat'><strong>25</strong></span> <span class='ocrx_word' id='word_1_204' title='bbox 433 1960 545 1988; x_wconf 92' lang='lat' dir='ltr'><strong>nunc</strong></span> <span class='ocrx_word' id='word_1_205' title='bbox 586 1947 641 1987; x_wconf 90' lang='lat' dir='ltr'><strong>ad</strong></span> <span class='ocrx_word' id='word_1_206' title='bbox 681 1947 851 1999; x_wconf 86' lang='lat' dir='ltr'><strong>agenda</strong></span> <span class='ocrx_word' id='word_1_207' title='bbox 889 1945 1155 1986; x_wconf 88' lang='lat' dir='ltr'><strong>vicecomitis</strong></span> <span class='ocrx_word' id='word_1_208' title='bbox 1195 1951 1478 1986; x_wconf 86' lang='lat' dir='ltr'><strong>transeamus.</strong></span> <span class='ocrx_word' id='word_1_209' title='bbox 1554 1946 1694 1986; x_wconf 92' lang='lat' dir='ltr'><strong>Decet</strong></span> <span class='ocrx_word' id='word_1_210' title='bbox 1735 1951 1882 1986; x_wconf 89' lang='lat' dir='ltr'><strong>autem</strong></span> 
     </span>
     <span class='ocr_line' id='line_1_27' title="bbox 431 2013 1886 2067; baseline -0.003 -9"><span class='ocrx_word' id='word_1_211' title='bbox 431 2023 475 2058; x_wconf 90' lang='lat' dir='ltr'><strong>te</strong></span> <span class='ocrx_word' id='word_1_212' title='bbox 516 2015 708 2057; x_wconf 89' lang='lat' dir='ltr'><strong>dicendis</strong></span> <span class='ocrx_word' id='word_1_213' title='bbox 744 2013 976 2055; x_wconf 88' lang='lat' dir='ltr'><strong>sollicitam</strong></span> <span class='ocrx_word' id='word_1_214' title='bbox 1017 2014 1222 2055; x_wconf 88' lang='lat' dir='ltr'><strong>adhibere</strong></span> <span class='ocrx_word' id='word_1_215' title='bbox 1263 2013 1546 2067; x_wconf 84' lang='lat' dir='ltr'><strong>diligentiam,</strong></span> <span class='ocrx_word' id='word_1_216' title='bbox 1582 2015 1683 2067; x_wconf 90' lang='lat' dir='ltr'><strong>quia</strong></span> <span class='ocrx_word' id='word_1_217' title='bbox 1718 2013 1760 2054; x_wconf 89' lang='lat' dir='ltr'><strong>in</strong></span> <span class='ocrx_word' id='word_1_218' title='bbox 1801 2013 1886 2054; x_wconf 88' lang='lat' dir='ltr'><strong>hiis</strong></span> 
     </span>
     <span class='ocr_line' id='line_1_28' title="bbox 432 2079 1884 2123; baseline -0.002 0"><span class='ocrx_word' id='word_1_219' title='bbox 432 2081 716 2123; x_wconf 86' lang='lat' dir='ltr'><strong>excellentior</strong></span> <span class='ocrx_word' id='word_1_220' title='bbox 745 2079 946 2122; x_wconf 88' lang='lat' dir='ltr'><strong>scaccarii</strong></span> <span class='ocrx_word' id='word_1_221' title='bbox 975 2079 1159 2121; x_wconf 86' lang='lat' dir='ltr'><strong>scientia</strong></span> <span class='ocrx_word' id='word_1_222' title='bbox 1189 2080 1387 2122; x_wconf 87' lang='lat' dir='ltr'><strong>consistit</strong></span> <span class='ocrx_word' id='word_1_223' title='bbox 1412 2081 1523 2122; x_wconf 91' lang='lat' dir='ltr'><strong>sicut</strong></span> <span class='ocrx_word' id='word_1_224' title='bbox 1547 2080 1713 2122; x_wconf 91' lang='lat' dir='ltr'><strong>dictum</strong></span> <span class='ocrx_word' id='word_1_225' title='bbox 1742 2085 1807 2120; x_wconf 90' lang='lat' dir='ltr'><strong>est</strong></span> <span class='ocrx_word' id='word_1_226' title='bbox 1828 2079 1884 2120; x_wconf 85' lang='lat' dir='ltr'><strong>ab</strong></span> 
     </span>
    </p>

    <p class='ocr_par' dir='ltr' id='par_1_11' title="bbox 372 2151 567 2207">
     <span class='ocr_line' id='line_1_29' title="bbox 433 2151 567 2192; baseline 0 -1"><span class='ocrx_word' id='word_1_227' title='bbox 433 2151 567 2192; x_wconf 82' lang='lat' dir='ltr'><strong>initio.</strong></span> 
     </span>
    </p>

    <p class='ocr_par' dir='ltr' id='par_1_12' title="bbox 370 2209 1886 2282">
     <span class='ocr_line' id='line_1_30' title="bbox 370 2209 1886 2282; baseline -0.003 -21"><span class='ocrx_word' id='word_1_228' title='bbox 370 2209 415 2282; x_wconf 52' lang='grc' dir='ltr'><em>Ἤ</em></span> <span class='ocrx_word' id='word_1_229' title='bbox 493 2219 660 2261; x_wconf 90' lang='lat' dir='ltr'><strong>Omnes</strong></span> <span class='ocrx_word' id='word_1_230' title='bbox 700 2218 831 2272; x_wconf 83' lang='lat' dir='ltr'><strong>igitur</strong></span> <span class='ocrx_word' id='word_1_231' title='bbox 879 2218 1156 2260; x_wconf 91' lang='lat' dir='ltr'><strong>vicecomites</strong></span> <span class='ocrx_word' id='word_1_232' title='bbox 1206 2224 1249 2259; x_wconf 91' lang='lat' dir='ltr'><strong>et</strong></span> <span class='ocrx_word' id='word_1_233' title='bbox 1298 2217 1459 2267; x_wconf 90' lang='lat' dir='ltr'><strong>balliui‚</strong></span> <span class='ocrx_word' id='word_1_234' title='bbox 1503 2218 1559 2258; x_wconf 85' lang='lat' dir='ltr'><strong>ad</strong></span> <span class='ocrx_word' id='word_1_235' title='bbox 1609 2231 1719 2271; x_wconf 89' lang='lat' dir='ltr'><strong>quos</strong></span> <span class='ocrx_word' id='word_1_236' title='bbox 1769 2230 1886 2258; x_wconf 90' lang='lat' dir='ltr'><strong>sum-</strong></span> 
     </span>
    </p>

    <p class='ocr_par' dir='ltr' id='par_1_13' title="bbox 373 2286 1886 2613">
     <span class='ocr_line' id='line_1_31' title="bbox 373 2286 1886 2341; baseline 0.001 -16"><span class='ocrx_word' id='word_1_237' title='bbox 373 2304 415 2334; x_wconf 87' lang='lat'><strong>30</strong></span> <span class='ocrx_word' id='word_1_238' title='bbox 434 2288 695 2329; x_wconf 91' lang='lat' dir='ltr'><strong>monitiones</strong></span> <span class='ocrx_word' id='word_1_239' title='bbox 734 2287 991 2341; x_wconf 84' lang='lat' dir='ltr'><strong>diriguntur,</strong></span> <span class='ocrx_word' id='word_1_240' title='bbox 1024 2287 1177 2328; x_wconf 90' lang='lat' dir='ltr'><strong>eadem</strong></span> <span class='ocrx_word' id='word_1_241' title='bbox 1223 2288 1481 2328; x_wconf 89' lang='lat' dir='ltr'><strong>necessitate</strong></span> <span class='ocrx_word' id='word_1_242' title='bbox 1523 2286 1633 2340; x_wconf 85' lang='lat' dir='ltr'><strong>legis</strong></span> <span class='ocrx_word' id='word_1_243' title='bbox 1674 2286 1886 2326; x_wconf 91' lang='lat' dir='ltr'><strong>constrin-</strong></span> 
     </span>
     <span class='ocr_line' id='line_1_32' title="bbox 433 2354 1886 2411; baseline -0.001 -14"><span class='ocrx_word' id='word_1_244' title='bbox 433 2363 607 2411; x_wconf 88' lang='lat' dir='ltr'><strong>guntur,</strong></span> <span class='ocrx_word' id='word_1_245' title='bbox 642 2357 726 2397; x_wconf 92' lang='lat' dir='ltr'><strong>hoc</strong></span> <span class='ocrx_word' id='word_1_246' title='bbox 759 2362 825 2396; x_wconf 92' lang='lat' dir='ltr'><strong>est</strong></span> <span class='ocrx_word' id='word_1_247' title='bbox 859 2355 1121 2396; x_wconf 88' lang='lat' dir='ltr'><strong>auctoritate</strong></span> <span class='ocrx_word' id='word_1_248' title='bbox 1157 2355 1262 2408; x_wconf 83' lang='lat' dir='ltr'><strong>regii</strong></span> <span class='ocrx_word' id='word_1_249' title='bbox 1298 2354 1505 2405; x_wconf 88' lang='lat' dir='ltr'><strong>mandati,</strong></span> <span class='ocrx_word' id='word_1_250' title='bbox 1539 2361 1587 2395; x_wconf 93' lang='lat' dir='ltr'><strong>vt</strong></span> <span class='ocrx_word' id='word_1_251' title='bbox 1622 2354 1782 2395; x_wconf 91' lang='lat' dir='ltr'><strong>scilicet</strong></span> <span class='ocrx_word' id='word_1_252' title='bbox 1815 2355 1886 2396; x_wconf 92' lang='lat' dir='ltr'><strong>die</strong></span> 
     </span>
     <span class='ocr_line' id='line_1_33' title="bbox 433 2422 1886 2478; baseline -0.001 -12"><span class='ocrx_word' id='word_1_253' title='bbox 433 2425 659 2466; x_wconf 90' lang='lat' dir='ltr'><strong>nominato</strong></span> <span class='ocrx_word' id='word_1_254' title='bbox 687 2424 1006 2478; x_wconf 88' lang='lat' dir='ltr'><strong>designatoque</strong></span> <span class='ocrx_word' id='word_1_255' title='bbox 1027 2423 1124 2464; x_wconf 92' lang='lat' dir='ltr'><strong>loco</strong></span> <span class='ocrx_word' id='word_1_256' title='bbox 1150 2423 1414 2464; x_wconf 88' lang='lat' dir='ltr'><strong>conueniant</strong></span> <span class='ocrx_word' id='word_1_257' title='bbox 1436 2429 1479 2463; x_wconf 89' lang='lat' dir='ltr'><strong>et</strong></span> <span class='ocrx_word' id='word_1_258' title='bbox 1500 2423 1554 2463; x_wconf 92' lang='lat' dir='ltr'><strong>de</strong></span> <span class='ocrx_word' id='word_1_259' title='bbox 1579 2422 1739 2463; x_wconf 89' lang='lat' dir='ltr'><strong>debitis</strong></span> <span class='ocrx_word' id='word_1_260' title='bbox 1760 2423 1886 2464; x_wconf 88' lang='lat' dir='ltr'><strong>satis·</strong></span> 
     </span>
     <span class='ocr_line' id='line_1_34' title="bbox 434 2487 1886 2544; baseline -0.002 -13"><span class='ocrx_word' id='word_1_261' title='bbox 434 2489 620 2541; x_wconf 86' lang='lat' dir='ltr'><strong>saciant;</strong></span> <span class='ocrx_word' id='word_1_262' title='bbox 664 2491 783 2544; x_wconf 90' lang='lat' dir='ltr'><strong>quod</strong></span> <span class='ocrx_word' id='word_1_263' title='bbox 831 2496 879 2530; x_wconf 91' lang='lat' dir='ltr'><strong>vt</strong></span> <span class='ocrx_word' id='word_1_264' title='bbox 920 2489 1189 2530; x_wconf 87' lang='lat' dir='ltr'><strong>manifestius</strong></span> <span class='ocrx_word' id='word_1_265' title='bbox 1234 2487 1311 2529; x_wconf 88' lang='lat' dir='ltr'><strong>fiat</strong></span> <span class='ocrx_word' id='word_1_266' title='bbox 1361 2488 1496 2541; x_wconf 90' lang='lat' dir='ltr'><strong>ipsius</strong></span> <span class='ocrx_word' id='word_1_267' title='bbox 1536 2489 1886 2530; x_wconf 89' lang='lat' dir='ltr'><strong>summonitionis</strong></span> 
     </span>
     <span class='ocr_line' id='line_1_35' title="bbox 435 2556 1886 2613; baseline -0.001 -14"><span class='ocrx_word' id='word_1_268' title='bbox 435 2565 631 2600; x_wconf 90' lang='lat' dir='ltr'><strong>tenorem</strong></span> <span class='ocrx_word' id='word_1_269' title='bbox 671 2558 923 2613; x_wconf 84' lang='lat' dir='ltr'><strong>diligentius</strong></span> <span class='ocrx_word' id='word_1_270' title='bbox 960 2558 1143 2598; x_wconf 89' lang='lat' dir='ltr'><strong>intuere.</strong></span> <span class='ocrx_word' id='word_1_271' title='bbox 1204 2556 1284 2597; x_wconf 88' lang='lat' dir='ltr'><strong>Ait</strong></span> <span class='ocrx_word' id='word_1_272' title='bbox 1324 2557 1453 2604; x_wconf 91' lang='lat' dir='ltr'><strong>enim,</strong></span> <span class='ocrx_word' id='word_1_273' title='bbox 1499 2556 1653 2606; x_wconf 88' lang='lat' dir='ltr'><strong>‘Vide,</strong></span> <span class='ocrx_word' id='word_1_274' title='bbox 1697 2557 1807 2598; x_wconf 92' lang='lat' dir='ltr'><strong>sicut</strong></span> <span class='ocrx_word' id='word_1_275' title='bbox 1842 2563 1886 2598; x_wconf 89' lang='lat' dir='ltr'><strong>te</strong></span> 
     </span>
    </p>

    <p class='ocr_par' dir='ltr' id='par_1_14' title="bbox 436 2651 1895 2793">
     <span class='ocr_line' id='line_1_36' title="bbox 485 2651 1889 2698; baseline 0 -10"><span class='ocrx_word' id='word_1_276' title='bbox 485 2663 499 2688; x_wconf 82' lang='lat'>1</span> <span class='ocrx_word' id='word_1_277' title='bbox 528 2652 655 2698; x_wconf 89' lang='lat' dir='ltr'><strong>etiam]</strong></span> <span class='ocrx_word' id='word_1_278' title='bbox 675 2662 711 2690; x_wconf 90' lang='lat' dir='ltr'><strong>et</strong></span> <span class='ocrx_word' id='word_1_279' title='bbox 724 2655 757 2691; x_wconf 82' lang='lat' dir='ltr'><em>C</em></span> <span class='ocrx_word' id='word_1_280' title='bbox 850 2663 881 2698; x_wconf 94' lang='lat'><strong>1,</strong></span> <span class='ocrx_word' id='word_1_281' title='bbox 900 2664 920 2689; x_wconf 88' lang='lat'><strong>2</strong></span> <span class='ocrx_word' id='word_1_282' title='bbox 945 2665 1060 2688; x_wconf 89' lang='lat' dir='ltr'><strong>vnum</strong></span> <span class='ocrx_word' id='word_1_283' title='bbox 1072 2652 1228 2698; x_wconf 88' lang='lat' dir='ltr'><strong>mutare]</strong></span> <span class='ocrx_word' id='word_1_284' title='bbox 1244 2651 1521 2687; x_wconf 83' lang='lat' dir='ltr'><strong>vnaimmutare</strong></span> <span class='ocrx_word' id='word_1_285' title='bbox 1537 2652 1569 2687; x_wconf 99' lang='lat' dir='ltr'><em>C</em></span> <span class='ocrx_word' id='word_1_286' title='bbox 1659 2663 1679 2697; x_wconf 91' lang='lat'>3</span> <span class='ocrx_word' id='word_1_287' title='bbox 1705 2657 1792 2688; x_wconf 82' lang='lat' dir='ltr'><strong>ante</strong></span> <span class='ocrx_word' id='word_1_288' title='bbox 1803 2653 1889 2688; x_wconf 90' lang='lat' dir='ltr'><strong>Hoc</strong></span> 
     </span>
     <span class='ocr_line' id='line_1_37' title="bbox 436 2699 1887 2747; baseline 0.001 -14"><span class='ocrx_word' id='word_1_289' title='bbox 436 2700 521 2734; x_wconf 86' lang='lat' dir='ltr'><strong>add.</strong></span> <span class='ocrx_word' id='word_1_290' title='bbox 543 2701 585 2734; x_wconf 92' lang='lat' dir='ltr'><strong>In</strong></span> <span class='ocrx_word' id='word_1_291' title='bbox 602 2702 679 2736; x_wconf 90' lang='lat' dir='ltr'><strong>NR</strong></span> <span class='ocrx_word' id='word_1_292' title='bbox 791 2710 808 2746; x_wconf 84' lang='lat'><strong>5</strong></span> <span class='ocrx_word' id='word_1_293' title='bbox 836 2701 1027 2747; x_wconf 86' lang='lat' dir='ltr'><strong>proueniat</strong></span> <span class='ocrx_word' id='word_1_294' title='bbox 1045 2702 1093 2735; x_wconf 93' lang='lat' dir='ltr'><em>N</em></span> <span class='ocrx_word' id='word_1_295' title='bbox 1192 2701 1212 2735; x_wconf 90' lang='lat'>8</span> <span class='ocrx_word' id='word_1_296' title='bbox 1239 2706 1417 2734; x_wconf 89' lang='lat' dir='ltr'><strong>nouerant</strong></span> <span class='ocrx_word' id='word_1_297' title='bbox 1438 2700 1486 2734; x_wconf 83' lang='lat' dir='ltr'><strong>C:</strong></span> <span class='ocrx_word' id='word_1_298' title='bbox 1513 2699 1655 2734; x_wconf 90' lang='lat' dir='ltr'><strong>nouerit</strong></span> <span class='ocrx_word' id='word_1_299' title='bbox 1671 2701 1718 2734; x_wconf 94' lang='lat' dir='ltr'><em>N</em></span> <span class='ocrx_word' id='word_1_300' title='bbox 1801 2711 1887 2734; x_wconf 91' lang='lat' dir='ltr'><strong>con-</strong></span> 
     </span>
     <span class='ocr_line' id='line_1_38' title="bbox 437 2746 1895 2793; baseline 0.001 -13"><span class='ocrx_word' id='word_1_301' title='bbox 437 2746 562 2781; x_wconf 88' lang='lat' dir='ltr'><strong>stituta</strong></span> <span class='ocrx_word' id='word_1_302' title='bbox 579 2748 613 2780; x_wconf 99' lang='lat' dir='ltr'><em>R</em></span> <span class='ocrx_word' id='word_1_303' title='bbox 737 2758 759 2793; x_wconf 91' lang='lat'>9</span> <span class='ocrx_word' id='word_1_304' title='bbox 783 2749 881 2783; x_wconf 89' lang='lat' dir='ltr'><strong>hanc</strong></span> <span class='ocrx_word' id='word_1_305' title='bbox 899 2749 975 2782; x_wconf 89' lang='lat' dir='ltr'><strong>NR</strong></span> <span class='ocrx_word' id='word_1_306' title='bbox 1075 2746 1364 2791; x_wconf 84' lang='lat' dir='ltr'><strong>condempnitati</strong></span> <span class='ocrx_word' id='word_1_307' title='bbox 1382 2747 1418 2780; x_wconf 90' lang='lat' dir='ltr'><em>R</em></span> <span class='ocrx_word' id='word_1_308' title='bbox 1530 2756 1568 2781; x_wconf 93' lang='lat'><strong>11</strong></span> <span class='ocrx_word' id='word_1_309' title='bbox 1596 2746 1832 2792; x_wconf 90' lang='lat' dir='ltr'><strong>descripserit</strong></span> <span class='ocrx_word' id='word_1_310' title='bbox 1847 2746 1895 2780; x_wconf 92' lang='lat' dir='ltr'><em>N</em></span> 
     </span>
    </p>
   </div>
   <div class='ocr_carea' id='block_1_3' title="bbox 438 2792 1891 2893">
    <p class='ocr_par' dir='ltr' id='par_1_15' title="bbox 438 2792 1891 2893">
     <span class='ocr_line' id='line_1_39' title="bbox 440 2792 1890 2839; baseline 0.001 -13"><span class='ocrx_word' id='word_1_311' title='bbox 440 2802 481 2836; x_wconf 92' lang='lat'><strong>13</strong></span> <span class='ocrx_word' id='word_1_312' title='bbox 508 2792 637 2828; x_wconf 88' lang='lat' dir='ltr'><strong>iudicis</strong></span> <span class='ocrx_word' id='word_1_313' title='bbox 656 2795 690 2828; x_wconf 93' lang='lat' dir='ltr'><em>R</em></span> <span class='ocrx_word' id='word_1_314' title='bbox 759 2796 801 2830; x_wconf 91' lang='lat'><strong>16</strong></span> <span class='ocrx_word' id='word_1_315' title='bbox 825 2793 1052 2829; x_wconf 87' lang='lat' dir='ltr'><strong>thesaurario</strong></span> <span class='ocrx_word' id='word_1_316' title='bbox 1073 2795 1104 2829; x_wconf 89' lang='lat' dir='ltr'><em>C</em></span> <span class='ocrx_word' id='word_1_317' title='bbox 1163 2803 1205 2839; x_wconf 88' lang='lat'><strong>19</strong></span> <span class='ocrx_word' id='word_1_318' title='bbox 1229 2792 1452 2828; x_wconf 86' lang='lat' dir='ltr'><strong>exactorium</strong></span> <span class='ocrx_word' id='word_1_319' title='bbox 1474 2793 1505 2828; x_wconf 89' lang='lat' dir='ltr'><em>C</em></span> <span class='ocrx_word' id='word_1_320' title='bbox 1564 2803 1622 2838; x_wconf 86' lang='lat'><strong>20,</strong></span> <span class='ocrx_word' id='word_1_321' title='bbox 1641 2803 1679 2827; x_wconf 90' lang='lat'><strong>21</strong></span> <span class='ocrx_word' id='word_1_322' title='bbox 1702 2794 1773 2828; x_wconf 92' lang='lat' dir='ltr'><strong>hoc</strong></span> <span class='ocrx_word' id='word_1_323' title='bbox 1789 2800 1826 2828; x_wconf 91' lang='lat' dir='ltr'><strong>et</strong></span> <span class='ocrx_word' id='word_1_324' title='bbox 1842 2793 1890 2827; x_wconf 88' lang='lat' dir='ltr'><strong>de</strong></span> 
     </span>
     <span class='ocr_line' id='line_1_40' title="bbox 438 2839 1891 2893; baseline 0.001 -19"><span class='ocrx_word' id='word_1_325' title='bbox 438 2839 500 2875; x_wconf 89' lang='lat' dir='ltr'><strong>illo</strong></span> <span class='ocrx_word' id='word_1_326' title='bbox 517 2850 584 2874; x_wconf 87' lang='lat' dir='ltr'><strong>om.</strong></span> <span class='ocrx_word' id='word_1_327' title='bbox 602 2841 678 2875; x_wconf 89' lang='lat' dir='ltr'><strong>NR</strong></span> <span class='ocrx_word' id='word_1_328' title='bbox 771 2842 816 2877; x_wconf 85' lang='lat'><strong>26</strong></span> <span class='ocrx_word' id='word_1_329' title='bbox 842 2842 1078 2877; x_wconf 87' lang='lat' dir='ltr'><strong>sollicituram</strong></span> <span class='ocrx_word' id='word_1_330' title='bbox 1100 2842 1132 2877; x_wconf 89' lang='lat' dir='ltr'><em>C</em></span> <span class='ocrx_word' id='word_1_331' title='bbox 1222 2848 1266 2884; x_wconf 91' lang='lat'><strong>27</strong></span> <span class='ocrx_word' id='word_1_332' title='bbox 1292 2839 1455 2876; x_wconf 87' lang='lat' dir='ltr'><strong>constitit</strong></span> <span class='ocrx_word' id='word_1_333' title='bbox 1472 2840 1548 2876; x_wconf 87' lang='lat' dir='ltr'><strong>NR</strong></span> <span class='ocrx_word' id='word_1_334' title='bbox 1645 2849 1687 2893; x_wconf 76' lang='lat'><strong>31</strong></span> <span class='ocrx_word' id='word_1_335' title='bbox 1716 2850 1843 2885; x_wconf 86' lang='lat' dir='ltr'><strong>regum</strong></span> <span class='ocrx_word' id='word_1_336' title='bbox 1860 2839 1891 2884; x_wconf 82' lang='lat' dir='ltr'><em>C</em></span> 
     </span>
    </p>
   </div>
  </div>
 </body>
</html>
