2022 3281
451 158 504 200 80
935 158 1022 200 DE
1054 157 1411 201 SCACCARIO
1766 156 1804 216 [1
1825 173 1852 200 v
1874 167 1896 200 s

449 287 596 327 regum
628 272 921 315 munificentia
951 271 1136 314 contulit
1166 271 1368 322 ecclesiis,
1388 271 1456 313 vel
1482 271 1562 313 hiis
1592 273 1664 326 qui
1695 273 1754 314 eis
1787 272 1897 313 mili-

447 348 605 391 tarunt,
628 343 671 382 in
687 342 828 383 fundis
856 342 944 382 suis
969 354 1054 393 que
1079 353 1238 381 corone
1263 341 1614 393 annominantur,
1631 341 1896 395 quibusdam

449 409 602 451 blanca
623 410 882 462 quibusdam
905 421 1096 449 numero·

504 478 760 531 Discipulus.
823 471 976 517 M'ouet
1005 489 1073 516 me
1102 475 1220 528 quod
1250 475 1355 517 dicis
1379 478 1593 530 quosdam
1623 478 1779 519 fundos
1805 477 1898 518 dari

411 562 427 593 5
448 545 626 586 blancos
647 546 859 598 quosdam
883 558 1073 586 numero.

506 614 734 666 Magzster.
796 614 1114 666 Prosequamur
1141 612 1197 653 ad
1224 625 1400 666 presens
1427 613 1482 654 de
1511 614 1729 668 scriptoris
1755 613 1898 654 officio

448 689 491 723 et
533 682 575 722 in
614 681 794 734 agendis
834 681 1103 722 vicecomitis
1146 695 1275 734 super
1314 681 1397 722 hoc
1439 682 1474 721 si
1516 681 1623 722 libet
1667 682 1898 735 interroga.

449 751 552 791 Post
582 757 718 790 terras
746 750 884 797 datas,
908 748 1023 791 facto
1046 749 1275 791 interuallo
1300 751 1425 791 vnius
1455 749 1579 798 linee,
1603 756 1649 790 vt
1671 750 1900 791 videantur

398 829 426 859 T
447 819 578 860 etiam
612 818 706 870 ipsa
738 818 804 859 sui
837 819 1005 859 ratione
1041 819 1248 870 seiuncta,
1280 825 1545 860 annotantur
1578 832 1630 858 ea
1665 832 1749 871 que
1786 818 1899 859 iussa

390 903 428 924 10
446 893 544 927 sunt
573 888 627 928 de
655 887 779 927 firma
808 888 999 941 expendi
1025 901 1103 941 per
1124 888 1273 929 breuia
1296 888 1419 940 regis,
1441 888 1541 941 quia
1563 888 1643 928 hec
1664 887 1900 929 constituta

446 969 532 996 non
566 962 667 997 sunt
700 963 765 997 set
796 956 994 997 casualia.
1057 956 1260 1010 Quedam
1291 957 1424 998 etiam
1457 970 1541 1010 que
1571 956 1661 997 sine
1691 956 1899 997 breuibus

445 1031 756 1079 computantur
781 1039 858 1078 per
888 1026 1246 1066 consuetudinem
1275 1025 1488 1073 scaccarii,
1519 1025 1575 1065 de
1607 1025 1763 1078 quibus
1793 1023 1901 1065 infra

446 1094 638 1142 dicetur3
679 1100 721 1134 et
749 1093 807 1134 sic
834 1094 1093 1134 terminatur
1119 1100 1350 1148 compotus
1375 1093 1431 1134 de
1453 1107 1634 1146 corpore
1656 1092 1899 1134 comitatus,

448 1163 552 1203 Post
590 1162 670 1202 hec
712 1161 826 1203 facto
868 1162 1095 1203 interuallo
1136 1162 1259 1216 quasi
1299 1162 1353 1203 vi.
1392 1162 1460 1203 vel
1496 1162 1564 1203 vii.
1602 1162 1810 1203 linearum
1852 1161 1900 1202 fit

388 1249 426 1280 15
447 1237 678 1283 compotus
706 1231 761 1271 de
792 1231 1081 1285 purpresturis
1101 1237 1145 1272 et
1166 1231 1346 1272 escaetis
1377 1230 1458 1272 sub
1488 1230 1555 1271 his
1582 1231 1725 1272 verbis
1749 1230 1898 1271 ‘Idem

446 1299 687 1340 vicecomes
723 1299 866 1339 reddit
902 1306 1156 1352 compotum
1192 1300 1248 1341 de
1283 1299 1408 1340 firma
1445 1306 1821 1352 purpresturarum
1858 1306 1901 1340 et

448 1366 745 1409 escaetarum.'
805 1367 885 1409 Set
916 1374 959 1408 et
991 1369 1046 1409 de
1076 1368 1278 1409 omnibus
1304 1368 1438 1409 firmis
1461 1368 1750 1409 maneriorum
1777 1375 1819 1409 et
1845 1368 1901 1409 de

448 1450 576 1478 censu
605 1450 833 1477 nemorum
860 1450 944 1490 que
971 1437 1195 1478 annuatim
1224 1437 1438 1478 debentur
1465 1444 1509 1478 et
1537 1436 1776 1485 soluuntur‚
1801 1442 1902 1489 post

447 1506 526 1546 hec
562 1519 640 1546 suo
675 1506 825 1546 ordine
861 1506 1055 1559 compoti
1097 1506 1364 1547 collocantur
1400 1506 1597 1559 exceptis
1638 1505 1899 1559 quibusdam

390 1592 429 1613 20
448 1574 696 1615 ciuitatibus
718 1580 761 1614 et
781 1573 892 1615 villis
914 1581 956 1615 et
978 1574 1135 1616 bailliis
1158 1588 1339 1627 quarum
1362 1576 1546 1615 maiores
1573 1574 1767 1627 compoti
1788 1580 1902 1623 sunt,

447 1642 550 1695 quia
570 1643 830 1684 constitutas
852 1643 1015 1684 habent
1036 1642 1293 1684 elemosinas
1314 1643 1381 1683 vel
1405 1643 1680 1684 liberationes
1700 1649 1743 1683 et
1764 1649 1902 1683 terras

448 1711 573 1752 datas
615 1718 659 1752 et
698 1712 754 1751 ad
797 1712 998 1752 custodes
1040 1725 1186 1752 earum
1230 1711 1403 1764 proprie
1443 1711 1801 1752 summonitiones
1846 1712 1901 1752 de

447 1779 607 1821 debitis
635 1780 748 1834 regis
774 1780 1028 1833 diriguntur.
1091 1780 1161 1820 De
1183 1779 1265 1820 hiis
1286 1786 1432 1821 autem
1456 1780 1649 1833 compoti
1671 1780 1781 1820 fiunt
1802 1786 1902 1834 post

447 1856 796 1890 consummatum
823 1850 1001 1890 omnino
1023 1856 1280 1903 compotum
1301 1849 1357 1890 de
1378 1850 1658 1890 comitatibus
1681 1850 1724 1889 in
1746 1849 1903 1902 quibus

390 1933 428 1963 25
447 1924 576 1968 sunt;
617 1918 762 1970 qualia
792 1925 895 1959 sunt
926 1918 1164 1967 Lincolnia,
1190 1916 1427 1967 Wintonia,
1458 1918 1638 1968 Mienes,
1670 1917 1903 1958 Bercham-

448 1986 582 2036 stede,
605 1985 885 2035 Colecestria‚
907 1986 1117 2040 pluraque
1138 1985 1237 2027 alia.

504 2054 761 2108 Dz‘sczpulus.
824 2056 961 2097 Miror
996 2056 1160 2096 dixisse
1193 2061 1238 2095 te
1272 2055 1487 2108 quosdam
1521 2055 1714 2096 redditus
1746 2055 1903 2096 consti-

447 2129 567 2164 tutos
590 2124 675 2165 dici
698 2124 844 2165 firmas
865 2125 1080 2177 quosdam
1102 2137 1204 2164 vero
1226 2136 1392 2164 census.

504 2192 735 2246 Magister.
798 2193 834 2233 F
838 2194 943 2233 irme
965 2193 1257 2233 maneriorum
1280 2199 1391 2240 sunt,
1413 2205 1564 2232 census
1586 2199 1733 2232 autem
1755 2205 1904 2232 nemo-

390 2280 430 2310 30
448 2274 542 2301 rum
564 2267 749 2302 tantum.
813 2260 910 2314 Que
941 2261 1059 2302 enim
1091 2274 1147 2301 ex
1180 2260 1378 2301 maneriis
1408 2261 1679 2313 proueniunt,
1701 2260 1803 2312 quia
1828 2273 1905 2313 per

400 2337 430 2368 U
449 2329 759 2382 agriculturam
777 2329 973 2382 quolibet
995 2342 1110 2369 anno
1132 2334 1396 2370 renouantur
1417 2334 1459 2369 et
1482 2329 1676 2377 redeunt,
1695 2335 1738 2369 et
1760 2334 1904 2381 preter

448 2398 527 2439 hec
563 2399 607 2439 in
639 2398 743 2452 ipsis
776 2399 880 2440 certi
914 2403 1016 2439 sunt
1052 2398 1278 2439 constituti
1314 2397 1507 2438 redditus
1543 2396 1903 2438 consuetudinum

450 2468 541 2507 iure
575 2474 803 2520 perpetuo,
840 2468 995 2508 merito
1036 2466 1162 2507 firma
1202 2472 1245 2506 et
1286 2464 1577 2506 immutabilia
1613 2466 1902 2505 nominantur.

451 2534 549 2588 Que
563 2549 667 2577 vero
688 2550 745 2577 ex
766 2537 1017 2577 nemoribus
1034 2549 1120 2588 que
1136 2535 1332 2588 quotidie
1353 2534 1633 2575 succiduntur
1654 2540 1698 2574 et
1720 2539 1905 2588 pereunt

393 2621 432 2654 35
452 2616 595 2643 annua
624 2604 720 2659 lege
753 2606 977 2654 debentur,
1007 2617 1192 2658 quorum
1223 2616 1311 2644 non
1338 2609 1406 2644 est
1435 2609 1525 2643 tam
1558 2601 1708 2644 firmus
1739 2602 1808 2643 vel
1842 2603 1905 2643 in-

498 2724 520 2759 6
539 2725 815 2770 Prosequamini
836 2727 867 2762 C
927 2736 949 2771 9
967 2725 1095 2771 etiam]
1114 2733 1151 2762 et
1171 2725 1203 2760 C
1260 2733 1301 2767 17
1319 2725 1494 2760 escaetar’
1514 2725 1546 2760 C
1594 2726 1709 2770 prius
1725 2732 1761 2761 et
1785 2737 1852 2762 om.
1878 2725 1909 2760 C

450 2780 494 2804 22
521 2770 662 2816 earum]
682 2778 858 2808 terrarum
875 2774 922 2808 N
1004 2783 1047 2818 23
1074 2771 1256 2817 compotis
1271 2772 1319 2806 N
1408 2773 1452 2806 26
1469 2773 1646 2817 pluraque
1662 2773 1903 2818 scripsimus:

450 2817 623 2863 pleraque
644 2820 747 2853 CNR
845 2830 889 2865 29
914 2827 1039 2856 autem
1059 2831 1129 2856 om.
1149 2820 1180 2856 C
1289 2828 1335 2863 30
1357 2818 1517 2864 tanturn]
1538 2826 1622 2854 sunt
1641 2820 1672 2856 C
