2022 3281
170 200 207 233 11
229 190 306 233 xiii
328 190 375 244 c]
654 188 741 230 DE
773 184 1133 230 SCACCARIO
1539 195 1620 240 145

170 304 390 354 insistunt,
412 302 455 343 in
475 307 749 343 numeratam
779 301 1009 355 pecuniam
1032 299 1256 341 sollicitior
1287 311 1388 340 cura
1412 298 1623 339 consistit.

171 373 252 414 Per
271 373 351 413 hec
374 371 491 412 enim
520 371 782 411 commercia
803 370 970 411 facilius
996 373 1254 410 exercentur
1276 373 1322 408 et
1343 373 1525 420 possunt
1545 366 1624 407 hec

169 442 211 482 in
229 441 334 481 locis
347 440 452 481 tutis
469 445 512 480 et
528 439 688 491 ignotis
705 438 828 480 facile
842 438 994 491 reponi
1012 451 1021 488 ;
1043 437 1158 478 vnde
1174 435 1224 477 fit
1237 442 1283 477 vt
1296 449 1400 488 sepe
1416 435 1490 488 qui
1503 434 1626 475 diues

170 517 340 562 est‚non
358 508 610 562 patentibus
626 508 708 548 hiis
725 522 811 561 que
829 507 977 557 latent,
993 519 1158 562 pauper
1172 511 1407 559 reputetur.
1443 505 1627 557 Propter

170 580 253 621 hoc
278 579 408 633 igitur
429 579 472 618 in
492 578 573 619 hos
598 577 772 630 grauius
793 576 866 618 lex
888 576 970 617 ista
993 575 1184 617 decernit
1205 574 1308 628 quia
1328 572 1626 627 superhabun-
1648 589 1665 620 5

170 647 280 688 dans
302 646 582 700 pecuniarum
604 652 760 699 puteus
782 659 868 686 non
890 646 944 686 de
965 644 1080 685 facili
1096 644 1268 684 videtur
1289 643 1543 684 exhaustus.

227 715 482 768 Dz'sczpulus.
563 714 682 768 Quid
726 713 862 755 assisa
905 713 1149 754 communis
1193 719 1237 753 et
1281 712 1392 765 quiS,
1432 711 1501 752 vel
1542 723 1630 763 quo

171 785 334 832 ordine,
368 784 422 823 de
453 783 547 837 ipsa
580 782 839 836 respondeat
871 796 929 823 ex
959 782 1168 835 predictis
1200 794 1358 833 magna
1394 793 1472 833 pro
1507 784 1631 833 parte

172 852 258 893 iam
295 857 490 900 constat3
535 864 662 902 nunc,
698 851 732 890 si
768 850 923 904 placet,
956 851 1012 891 de
1047 849 1220 890 auxiliis
1255 848 1324 889 vel
1365 848 1491 889 donis
1526 847 1630 889 ciui—

171 928 313 963 tatum
343 933 417 961 seu
446 920 696 973 burgorum,
719 918 905 971 qualiter
932 932 989 958 ex
1017 918 1097 959 hiis
1125 917 1319 970 compoti
1351 916 1458 957 fiant
1487 923 1530 957 et
1557 915 1632 968 qui
1655 933 1693 955 10

172 989 466 1043 principaliter
497 987 779 1029 conueniendi
804 986 871 1027 vel
903 987 1163 1028 cohercendi
1194 999 1322 1038 super
1352 985 1432 1025 hiis
1464 984 1634 1034 suerint,

173 1058 359 1099 edissere
378 1071 387 1107 ;
418 1057 574 1097 modus
597 1057 713 1096 enim
735 1055 1000 1097 cohercionis
1023 1068 1080 1095 ex
1102 1054 1303 1108 predictis
1326 1054 1412 1094 iam
1434 1060 1570 1107 patet.

230 1127 460 1179 Affagz'ster.
523 1124 706 1166 Gaudeo
743 1130 787 1166 te
829 1137 1066 1165 memorem
1107 1123 1400 1177 predictorum
1438 1129 1481 1163 et
1520 1122 1634 1171 hinc,

173 1196 323 1245 fateor,
347 1207 416 1235 me
445 1193 582 1246 magis
608 1192 821 1233 animasti.
882 1192 1070 1233 Noueris
1092 1192 1238 1244 itaque
1260 1191 1377 1243 quod
1400 1189 1634 1243 plurimum

174 1265 354 1305 interest
381 1262 416 1303 si
446 1263 621 1309 donum,
642 1261 710 1302 vel
738 1260 963 1310 auxilium,
987 1260 1178 1301 ciuitatis
1204 1273 1281 1313 per
1303 1258 1472 1312 singula
1494 1259 1635 1312 capita
1657 1275 1693 1306 15

175 1330 539 1374 commorantium
575 1330 618 1370 in
655 1343 706 1370 ea
741 1343 767 1370 a
801 1329 975 1370 iustitiis
1012 1328 1308 1375 constituatur,
1341 1328 1409 1368 vel
1444 1327 1479 1368 si
1517 1329 1680 1368 ciuesC

174 1413 391 1441 summam
422 1398 625 1451 aliquam,
658 1411 742 1452 que
773 1397 966 1452 principe
998 1397 1131 1450 digna
1157 1396 1370 1447 videatur,
1395 1395 1635 1436 iustitiariis

174 1469 360 1510 offerant
381 1474 425 1508 et
446 1468 502 1508 ab
528 1467 588 1507 eis
614 1467 888 1519 suscipiatur.
950 1466 1114 1519 Dispar
1138 1465 1253 1506 enirn
1281 1465 1324 1505 in
1353 1465 1435 1506 hiis
1463 1465 1636 1505 duobus

175 1537 332 1578 modus
368 1541 433 1577 est
468 1535 746 1578 cohercionis
807 1534 857 1576 Si
889 1535 1002 1576 enim
1032 1548 1111 1589 per
1139 1532 1334 1587 singulos
1365 1548 1392 1574 a
1423 1533 1637 1575 iudicibus

174 1606 461 1648 constitutum
502 1610 570 1646 est
608 1605 775 1646 donum
812 1610 856 1645 et
891 1604 1075 1658 quilibet
1111 1617 1260 1644 eorum
1297 1602 1509 1644 soluendo
1550 1616 1636 1644 non
1658 1617 1698 1640 20

174 1675 316 1724 fuerit,
342 1673 416 1715 lex
445 1673 642 1727 predicta
670 1673 726 1714 de
754 1672 919 1714 ciuibus
947 1686 1033 1714 non
1061 1671 1330 1713 soluentibus
1359 1678 1567 1721 seruatur,
1589 1677 1637 1712 vt

176 1743 339 1785 scilicet
355 1743 559 1784 domibus
581 1748 626 1783 et
647 1741 889 1783 redditibus
905 1755 1041 1794 vsque
1061 1742 1118 1782 ad
1139 1740 1405 1782 solutionem
1428 1741 1634 1793 priuetur.

178 1812 243 1853 At
274 1812 308 1851 si
343 1812 512 1853 dictum
544 1817 611 1853 est
647 1826 673 1852 a
709 1812 873 1852 ciuibus
904 1810 1147 1851 ‘Dabimus
1177 1810 1271 1863 regi
1305 1808 1448 1851 mille'
1478 1818 1521 1851 et
1555 1810 1635 1852 hec

178 1893 350 1921 summa
380 1880 510 1932 digna
539 1878 699 1932 suscipi
732 1879 958 1928 iudicetur,
983 1884 1031 1919 vt
1051 1878 1225 1919 statutis
1254 1878 1451 1919 terminis
1481 1879 1634 1919 eadem

179 1955 379 2002 exurgat,
400 1947 481 2001 ipsi
507 1947 781 2001 prouideant.
842 1946 974 2000 Quod
1003 1947 1038 1986 si
1060 1946 1171 1988 forte
1198 1959 1408 1987 excusare
1433 1947 1636 1999 ceperint,
1659 1959 1696 1990 ²5

178 2016 418 2069 allegantes
438 2016 712 2069 quorundam
736 2015 940 2068 inopiam,
961 2016 1035 2068 qui
1068 2015 1109 2055 in
1140 2015 1284 2068 aliqua
1315 2021 1438 2068 parte
1466 2028 1637 2057 summe

179 2085 305 2126 huius
337 2086 609 2133 tenebantur,
640 2090 743 2124 tunc
774 2084 1012 2137 diligenter,
1042 2083 1126 2124 hoc
1158 2089 1222 2124 est
1253 2096 1330 2137 per
1361 2082 1492 2124 fidem
1524 2085 1637 2126 vice-

180 2153 362 2204 comitis,
381 2152 684 2206 inquirendum
708 2158 783 2201 est,
799 2151 832 2193 si
854 2166 880 2192 a
900 2158 1098 2204 tempore
1120 2151 1342 2192 constituti
1364 2165 1440 2204 per
1460 2154 1636 2194 eosdem

181 2223 299 2263 ciues
333 2221 436 2262 doni
472 2220 540 2262 vel
574 2220 725 2261 auxilii
760 2220 821 2261 hii
855 2219 965 2261 tales
1002 2219 1222 2261 extiterint
1252 2226 1299 2260 vt
1339 2219 1512 2261 soluere
1551 2234 1639 2262 non

179 2290 384 2332 valerent.
446 2288 579 2343 Quod
618 2289 654 2329 si
696 2288 921 2330 inuentum
964 2288 1103 2339 fuerit,
1135 2289 1396 2341 prouideant
1436 2288 1544 2330 alios
1580 2302 1637 2330 ex
1656 2300 1698 2331 30

181 2359 337 2413 quibus
358 2371 528 2399 summa
550 2357 663 2411 prior
683 2363 881 2410 exurgat,
902 2355 970 2398 vel
998 2370 1074 2409 per
1094 2370 1326 2397 commune
1354 2357 1638 2398 distribuatur

181 2428 299 2481 quod
328 2433 485 2476 restat3
521 2439 683 2474 verum,
708 2426 742 2466 si
774 2432 970 2478 ternpore
1001 2425 1322 2467 constitutionis
1352 2427 1636 2469 abundabant

181 2502 247 2537 set
278 2496 372 2549 lege
402 2495 572 2535 fortune
602 2500 756 2536 natura
787 2493 960 2535 mobilis
991 2506 1103 2533 nunc
1135 2500 1305 2547 egeant,
1332 2495 1635 2537 sustinendum

183 2570 249 2605 est
269 2564 325 2604 de
346 2563 426 2604 hiis
445 2576 671 2617 quousque
692 2577 768 2616 per
788 2563 858 2604 dei
879 2562 1063 2616 gratiam
1085 2561 1289 2603 ditentur.

234 2664 248 2689 1
279 2652 439 2688 sollicior
453 2653 501 2688 N
565 2654 586 2688 8
611 2664 677 2698 pro
693 2659 797 2698 parte
815 2663 950 2698 magna
971 2652 1002 2686 C
1061 2661 1093 2696 9,
1117 2661 1159 2686 10
1184 2652 1231 2686 de
1249 2652 1353 2688 donis
1372 2652 1560 2689 ciuitatum
1578 2656 1635 2689 vel

183 2701 230 2735 de
247 2700 386 2734 auxiliis
404 2700 601 2745 burgorum
618 2707 653 2735 et
671 2700 828 2746 qualiter
848 2700 878 2734 C
1018 2699 1059 2734 18
1085 2698 1259 2743 suscipiat
1277 2701 1312 2734 R
1453 2710 1494 2736 21
1520 2701 1587 2736 fuit
1605 2701 1638 2738 C

183 2747 368 2782 soluendis
388 2747 419 2782 C
526 2757 568 2791 23
594 2754 649 2783 est
667 2759 736 2782 om.
754 2748 789 2782 R
924 2755 968 2788 24
994 2745 1173 2780 iudicetur
1190 2746 1327 2791 suscipi
1347 2747 1378 2782 C
1501 2757 1543 2793 25
1571 2760 1633 2784 ex·

183 2801 315 2840 purgat
335 2794 365 2828 C
456 2794 500 2828 26
525 2794 727 2830 corundam
743 2795 779 2830 R
877 2803 921 2838 30
945 2793 1135 2838 prouideat
1151 2794 1187 2828 R
1280 2803 1321 2839 31
1341 2805 1575 2832 communem
1593 2796 1641 2830 N

185 2851 229 2886 33
255 2848 311 2875 set
329 2867 337 2874 .
356 2866 365 2875 .
384 2866 392 2874 .
408 2847 540 2885 egeant
557 2853 626 2876 om.
641 2841 688 2876 N

252 2923 290 2940 DE
312 2922 402 2940 succ.
884 2908 916 2941 U
