2022 3281
143 172 179 204 11
201 161 271 220 xi]
632 163 719 206 DE
752 163 1114 208 SCACCARIO
1516 177 1594 215 141

141 283 184 318 et
207 283 408 330 sumptus
437 277 661 332 impendio
691 279 810 332 quod
836 278 1063 327 addicitur,
1083 281 1092 299 ‘
1112 274 1234 331 pro-'
1264 276 1331 319 vel
1358 276 1598 330 ‘persolta'

141 352 431 400 nuncupatur.
509 347 610 388 Hiis
648 347 690 388 in
722 348 838 388 hunc
870 347 1051 388 modum
1083 345 1285 399 expletis,
1317 346 1437 398 quod
1470 345 1599 388 fuerit

141 415 184 455 in
206 416 333 456 bonis
355 416 414 456 rei
437 416 669 464 residuum,
691 415 797 457 fisco
818 416 1060 471 proueniet.

196 483 457 537 Dz'scipulus.
535 485 594 526 Et
635 485 715 526 hec
761 485 1002 526 necessaria
1040 483 1134 525 visa
1172 489 1287 525 sunt.
1365 481 1444 524 Set
1484 496 1599 525 nunc

139 553 265 594 iuxta
286 554 550 606 promissum
571 555 627 595 de
648 568 778 595 censu
800 567 1026 595 nemorum
1053 552 1087 593 si
1110 551 1252 606 placet
1277 564 1549 605 prosequere.
1614 569 1630 601 5

197 621 432 675 Magister.
484 622 690 664 Gratulor
705 623 824 676 quod
842 629 886 663 te
903 629 994 664 tam
1012 622 1227 663 dictorum
1243 621 1448 662 virtutem
1465 634 1598 674 quam

139 690 429 732 dicendorum
445 693 641 733 ordinem
658 692 908 733 memoriter
921 691 1109 732 tenuisse
1123 689 1358 743 conspicio,
1389 689 1599 743 Superest

139 759 273 813 igitur
292 767 339 801 vt
359 761 473 802 votis
496 761 581 801 tuis
603 760 851 802 satisfacere
871 773 949 813 pro
969 760 1133 801 viribus
1155 772 1243 800 non
1264 759 1482 800 omittam.

197 829 303 870 Post
332 836 590 883 compotum
615 835 995 884 propresturarum
1027 834 1070 870 et
1101 833 1372 869 escaetarum
1405 826 1600 879 sequitur
1617 828 1664 865 xi

139 904 370 951 compotus
392 899 448 939 de
469 912 602 940 censu
624 912 863 950 nemorum,
884 897 1028 938 breuis
1050 897 1156 937 satis
1177 901 1220 936 et
1248 896 1495 949 expeditus,
1517 895 1597 936 sub
1620 907 1660 928 10

137 965 221 1007 hoc
253 973 404 1007 tenore
435 968 666 1008 verborum
698 967 848 1008 ‘Idem
877 963 1145 1007 vicecomes'
1175 963 1245 1005 vel
1275 963 1370 1005 ‘ille
1401 964 1511 1004 alius
1541 963 1596 1004 N.

136 1035 280 1076 reddit
316 1042 571 1089 compotum
613 1036 670 1078 de
709 1049 788 1076 xx.
828 1035 949 1075 libris
989 1034 1046 1075 de
1086 1047 1214 1075 censu
1257 1032 1371 1074 illius
1409 1033 1598 1074 nemoris

135 1103 202 1144 vel
245 1103 406 1146 foreste
447 1106 502 1145 de
542 1104 896 1146 Norhantescira.
974 1102 1025 1142 In
1065 1101 1270 1142 thesauro
1313 1101 1512 1142 liberauit
1553 1107 1598 1143 et

135 1172 308 1225 quietus
331 1171 420 1214 est.'
483 1173 598 1215 Sunt
619 1179 766 1213 tamen
787 1173 976 1225 quedam
995 1171 1154 1212 foreste
1175 1171 1231 1212 de
1250 1171 1409 1224 quibus
1427 1170 1598 1212 decime

136 1242 472 1282 constitutorum
499 1255 704 1283 censuum
735 1240 928 1282 ecclesiis
957 1239 1192 1281 maioribus
1218 1239 1464 1291 soluuntur‚
1484 1240 1596 1280 sicut
1618 1254 1655 1285 15

136 1310 192 1350 de
227 1309 476 1352 Wiltescira
509 1317 552 1352 et
584 1311 641 1352 de
674 1310 939 1351 Hantescira
969 1307 1151 1350 ecclesie
1181 1307 1512 1358 Saresberiensi,
1542 1309 1597 1350 de

133 1379 475 1421 Norhantescira
510 1393 613 1420 vero
651 1378 956 1426 Lincolniensi‚
995 1377 1118 1418 cuius
1153 1376 1382 1418 solutionis
1419 1389 1597 1418 causam

132 1448 193 1488 sic
229 1449 377 1501 accepi
398 1461 407 1497 ;
449 1450 568 1501 quod
610 1448 725 1489 enirn
762 1448 818 1489 de
858 1447 1031 1488 forestis
1068 1445 1253 1487 soluitur
1292 1459 1405 1499 pene
1438 1450 1597 1497 totum,

131 1516 200 1558 vel
222 1518 313 1558 eius
335 1517 533 1558 maxima
553 1531 667 1571 pars,
689 1531 746 1558 ex
768 1516 941 1572 placitis
968 1522 1012 1557 et
1033 1515 1338 1557 exactionibus
1368 1515 1568 1568 prouenit
1586 1529 1596 1567 ;

131 1586 192 1628 sic
213 1586 344 1639 igitur
366 1600 442 1640 per
466 1588 593 1628 datas
618 1588 812 1629 decimas
837 1586 972 1629 illiciti
994 1592 1175 1640 questus
1195 1591 1417 1638 vteunque
1441 1585 1596 1626 redimi
1617 1598 1657 1620 20

131 1668 262 1708 posse
294 1655 376 1696 visi
407 1662 522 1697 sunt.
584 1657 654 1697 De
685 1657 768 1697 hiis
800 1664 947 1698 autem
979 1656 1041 1697 sic
1075 1655 1270 1709 compoti
1304 1653 1427 1696 fiunt.
1489 1654 1597 1695 ‘Ille

130 1723 199 1764 vel
238 1724 310 1765 ille
346 1725 490 1766 reddit
525 1731 781 1779 compotum
819 1727 875 1767 de
910 1739 988 1766 xx.
1024 1723 1144 1765 libris
1180 1725 1236 1765 de
1271 1736 1403 1765 censu
1435 1723 1597 1765 foreste

129 1791 256 1833 illius.
320 1793 371 1833 In
399 1794 605 1835 thesauro
631 1795 740 1835 xviii
761 1794 892 1836 libras
908 1791 918 1809 '
944 1800 987 1835 et
1014 1794 1058 1834 in
1083 1793 1229 1847 capite
1254 1793 1459 1846 proxime
1484 1792 1597 1833 linee

130 1860 343 1902 inferioris
385 1863 445 1903 sic
482 1863 570 1904 ‘Et
611 1863 654 1903 in
697 1863 878 1904 decimis
920 1862 1169 1904 constitutis
1209 1861 1269 1902 illi
1311 1860 1492 1903 ecclesie
1531 1861 1593 1902 xl.

129 1929 318 1972 solidos.'
372 1931 547 1973 Deinde
565 1932 608 1971 in
631 1930 716 1973 fine
733 1932 929 1972 eiusdem
947 1931 1057 1972 linee
1074 1930 1207 1983 paulo
1224 1943 1419 1971 seorsum
1437 1930 1492 1970 ab
1509 1930 1594 1972 alia
1615 1946 1653 1977 25

129 1999 341 2053 scriptura
373 2000 434 2040 sic
466 2000 552 2041 ‘Et
584 2001 757 2053 quietus
790 1998 881 2041 est.’
942 1999 1147 2053 Intellige
1177 1999 1310 2040 etiam
1342 1997 1477 2039 semel
1512 1998 1594 2039 tibi

129 2067 297 2108 dictum
320 2068 438 2122 quod
455 2069 603 2109 omnia
619 2069 782 2120 debita,
799 2074 843 2109 et
860 2069 964 2109 item
983 2081 1045 2118 ea,
1062 2081 1146 2121 que
1163 2067 1205 2108 in
1226 2067 1433 2108 thesauro
1449 2067 1594 2110 soluta

130 2135 303 2187 fuerint,
326 2150 524 2178 seorsum
552 2137 609 2178 ab
637 2137 722 2178 alia
750 2138 963 2190 scriptura
991 2136 1247 2178 collocanda
1272 2142 1372 2177 sunt
1391 2142 1440 2178 vt
1458 2136 1594 2178 vianti

128 2204 277 2246 animo
291 2212 335 2246 et
349 2205 605 2246 discurrenti
620 2204 747 2246 oculo
762 2205 928 2246 facilius
942 2212 1168 2246 occurrant
1181 2219 1190 2256 ;
1212 2205 1422 2258 quoniam
1437 2218 1494 2246 ex
1508 2205 1592 2247 sol·

127 2273 280 2315 uendis
301 2275 680 2324 summonitiones,
703 2281 746 2316 et
768 2287 825 2315 ex
848 2275 934 2315 iam
956 2273 1109 2315 solutis
1130 2274 1427 2316 absolutiones
1448 2274 1572 2317 fiunt.
1612 2289 1653 2320 30

186 2343 291 2384 Post
319 2342 575 2397 diligentem
605 2342 726 2384 firme
750 2342 1001 2396 principalis
1028 2342 1189 2383 veteris
1215 2343 1309 2383 siue
1335 2356 1450 2384 noue
1471 2357 1590 2385 corn-

127 2418 284 2465 potum
303 2418 347 2453 et
364 2412 468 2453 item
482 2418 583 2465 post
597 2418 852 2465 compotum
869 2417 1246 2465 propresturarum
1262 2417 1305 2452 et
1319 2419 1591 2454 escaetarum

127 2486 171 2521 et
191 2493 347 2522 census
369 2493 611 2532 nemorum,
634 2494 720 2534 que
737 2480 896 2530 omnia,
911 2480 1023 2522 sicut
1045 2480 1212 2522 dictum
1235 2486 1312 2530 est,
1329 2493 1473 2522 annuo
1498 2481 1590 2524 iure

176 2602 192 2628 1
221 2592 405 2637 persoleta
422 2594 477 2628 R:
505 2593 679 2638 persolita
700 2594 731 2628 C
823 2603 843 2627 2
868 2591 974 2627 fuerit
993 2593 1233 2637 smpsimus:
1260 2593 1351 2628 fiunt
1375 2594 1479 2629 CNR

126 2651 333 2675 memorum
347 2641 383 2674 R
455 2641 476 2675 6
494 2641 648 2675 ductum
665 2641 726 2674 N:
747 2639 912 2674 dictuum
925 2641 961 2673 R
1037 2649 1080 2674 10
1097 2646 1133 2674 et
1150 2651 1219 2674 om.
1235 2639 1266 2674 C
1339 2650 1380 2684 13
1400 2641 1588 2677 Norham-

125 2686 259 2722 tescira
275 2687 330 2720 R:
355 2687 676 2723 Northamtescira
693 2687 740 2721 N
831 2687 885 2729 16,
909 2696 948 2728 17
967 2693 1003 2722 et
1022 2687 1068 2721 de
1084 2713 1092 2721 .
1107 2712 1115 2721 .
1130 2712 1140 2722 .
1158 2687 1192 2721 N
1198 2687 1452 2723 orhantescira
1469 2700 1538 2724 om.
1553 2690 1589 2724 R

129 2734 172 2769 16
191 2733 428 2768 Hamtescira
445 2734 490 2768 N
595 2743 636 2777 17
662 2745 751 2769 vero
768 2745 837 2768 om.
859 2734 890 2768 C
996 2743 1038 2778 19
1055 2731 1156 2778 pars]
1176 2733 1275 2778 paris
1291 2735 1338 2768 N
1435 2744 1479 2779 27
1497 2738 1590 2781 post

125 2780 251 2816 omnia
267 2780 352 2815 add.
371 2780 561 2825 supposita
579 2779 748 2826 scriptori
764 2782 799 2815 R
814 2780 881 2814 sed
893 2791 985 2815 corr.
1093 2781 1137 2816 28
1163 2780 1344 2816 collocata
1360 2782 1397 2817 R
1501 2790 1586 2819 sunt

125 2839 193 2862 om.
212 2829 247 2862 R
341 2837 386 2871 32
412 2827 517 2873 item]
535 2827 633 2864 idem
650 2830 686 2863 R
780 2834 1030 2873 presturarum
1047 2827 1084 2862 R
