2022 3281
92 202 131 234 11
151 183 220 234 viii
242 188 295 248 A]
581 190 667 232 DE
700 186 1055 232 SCACCARIO
1460 198 1541 241 129

94 305 155 347 sic
197 304 550 357 condempnandi
591 317 677 345 non
721 302 801 343 nisi
846 307 1070 343 numerata
1110 300 1166 341 de
1213 299 1317 341 fisco
1359 300 1542 353 pecunia

94 373 343 427 puniuntur.
404 372 625 426 Quicquid
664 373 795 426 igitur
835 371 891 412 ad
931 370 1011 412 hec
1053 370 1214 411 iudicia
1251 369 1322 410 vel
1362 368 1544 410 iustitias

95 442 268 484 effectui
309 442 621 495 mancipandas
662 440 929 482 detestabilis
960 439 1142 481 auaritie
1177 438 1439 488 hominibus,
1471 438 1545 492 qui

94 509 174 552 hec
197 524 276 564 pro
303 511 524 564 sanguinis
549 510 757 552 effusione
783 509 1033 563 suscipiunt,
1056 523 1082 549 a
1109 507 1365 549 vicecomite
1394 520 1545 549 nume-

95 586 225 630 ratur,
249 593 326 632 per
347 579 707 621 consuetudinem
729 578 930 620 scaccarii
952 577 1032 619 sibi
1058 582 1348 631 computatur,
1372 576 1456 618 hoc
1481 581 1547 616 est
1565 583 1582 614 5

97 661 184 688 non
205 662 282 701 per
302 649 435 689 breue
458 649 582 701 regis.
645 648 726 690 Est
747 654 791 688 et
812 647 930 689 aliud
948 647 1066 701 quod
1089 660 1165 699 per
1186 646 1548 687 consuetudinem
1567 651 1595 681 C

97 716 238 758 solam
265 717 510 759 vicecomiti
539 717 696 758 debeat
722 716 980 770 computari.
1043 714 1155 756 Cum
1185 715 1297 769 regis
1325 715 1549 756 thesaurus

98 786 154 826 de
183 786 280 827 loco
306 786 347 826 in
370 786 514 827 locum
544 787 754 827 maiorum
780 784 1126 827 consideratione
1150 784 1405 825 deferendus
1430 782 1549 825 vehi-

99 854 206 895 culis
242 860 284 895 et
315 855 562 896 huiusmodi
603 855 842 897 minoribus
876 854 1123 907 indiguerit,
1155 853 1418 906 precipiente
1457 852 1550 893 the-

98 923 290 965 saurario
309 924 378 965 vel
399 924 644 965 camerariis
663 923 732 964 vel
748 923 1031 964 seruientibus
1052 935 1201 963 eorum
1219 922 1274 963 ad
1296 921 1377 963 hec
1403 921 1553 970 missis,
1576 932 1615 953 10

100 992 340 1034 vicecomes
374 993 431 1034 de
471 991 596 1033 firma
635 1005 714 1033 sua
754 992 872 1046 quod
908 991 1149 1045 oportuerit
1185 990 1351 1031 inuenit
1391 996 1434 1032 et
1469 990 1552 1031 hoc

100 1060 245 1115 ipsum
267 1061 516 1103 vicecomiti
544 1062 636 1102 sine
660 1061 781 1102 breui
811 1065 1102 1114 computatur,
1125 1058 1382 1113 perhibente
1405 1065 1555 1100 tamen

100 1143 231 1184 super
261 1130 343 1171 hoc
373 1130 670 1171 testimonium
708 1143 853 1171 coram
891 1129 1128 1170 maioribus
1164 1128 1259 1182 ipso
1289 1128 1556 1169 thesaurario

101 1199 169 1240 vel
191 1199 386 1253 quolibet
413 1199 707 1253 predictorum
736 1198 810 1251 qui
835 1197 914 1239 hec
940 1197 1032 1238 fieri
1059 1197 1358 1248 mandauerit3
1390 1203 1433 1238 et
1455 1203 1557 1237 tunc

104 1268 271 1310 dicetur
292 1267 335 1309 in
356 1267 499 1309 rotulo
521 1267 588 1308 ‘in
609 1267 691 1309 hiis
713 1266 782 1309 vel
803 1266 885 1308 illis
907 1265 1157 1308 necessariis
1174 1265 1364 1306 thesauri
1386 1265 1469 1306 hoc
1489 1265 1559 1306 vel
1581 1279 1618 1310 15

104 1337 212 1378 illud
242 1350 319 1391 per
348 1336 462 1377 hunc
492 1335 561 1378 vel
598 1333 744 1377 illum.'
807 1336 920 1376 Item
956 1335 990 1375 si
1023 1335 1151 1388 piscis
1190 1334 1345 1389 regius,
1382 1334 1560 1375 rumbus

104 1406 173 1448 vel
196 1411 316 1446 cetus
337 1405 406 1446 vel
431 1405 540 1446 alius
566 1404 815 1446 huiusmodi
843 1401 1237 1457 comprehenditur,
1259 1403 1377 1457 quod
1408 1403 1451 1443 in
1477 1402 1560 1443 hiis

105 1474 310 1516 saliendis
361 1481 404 1515 et
443 1474 539 1515 aliis
584 1473 834 1516 necessariis
886 1473 1179 1514 ministrandis
1229 1487 1255 1513 a
1304 1471 1559 1513 vicecomite

105 1544 301 1594 mittitur,
323 1543 414 1584 sine
441 1542 562 1584 breui
590 1548 881 1597 computatur.
944 1542 1058 1584 Item
1087 1542 1205 1596 quod
1235 1541 1278 1582 in
1307 1540 1561 1582 excolendis

104 1613 334 1655 dominicis
356 1612 490 1654 vineis
518 1613 631 1666 regis
653 1618 697 1654 et
717 1612 799 1653 hiis
827 1611 1150 1653 vindemiandis
1170 1611 1238 1653 vel
1263 1612 1376 1652 vasis
1398 1617 1442 1652 et
1466 1610 1562 1651 aliis
1578 1621 1623 1662 ,20

105 1682 354 1724 necessariis
391 1682 688 1725 ministrandis
724 1681 998 1735 expenditur,
1030 1680 1121 1721 sine
1155 1681 1277 1721 breui
1313 1694 1390 1735 per
1429 1679 1562 1720 fidem

106 1751 373 1793 vicecomitis
395 1757 684 1805 computatur.
746 1750 816 1791 De
844 1764 931 1803 qua
959 1749 1059 1801 fide,
1089 1750 1123 1790 si
1152 1749 1286 1791 semel
1318 1755 1395 1791 aut
1419 1749 1563 1802 sepius

107 1827 152 1862 et
192 1820 377 1874 qualiter
416 1820 504 1868 fiat,
548 1820 658 1861 infra
697 1819 876 1861 dicetur.
938 1819 1033 1860 Hec
1076 1825 1176 1860 sunt
1214 1819 1345 1872 igitur
1385 1832 1470 1872 que
1506 1818 1562 1859 ad

107 1903 287 1943 presens
327 1889 452 1929 nobis
490 1894 721 1930 occurrunt
755 1888 1002 1930 vicecomiti
1041 1902 1120 1942 per
1160 1888 1296 1929 solam
1333 1892 1562 1928 consuetu-

107 1959 252 2000 dinem
285 1957 610 2011 computanda:
654 1970 768 1998 nunc
804 1958 860 1998 de
899 1958 1053 1999 ceteris
1088 1970 1173 2011 que
1213 1957 1268 1998 ad
1310 1963 1562 2010 compotum
1583 1966 1622 1997 25

109 2028 166 2069 de
187 2040 367 2080 corpore
389 2026 624 2067 comitatus
649 2025 869 2078 pertinent
890 2039 1218 2079 prosequamur.

167 2097 240 2137 Fit
261 2095 480 2137 interdum
501 2100 548 2135 vt
568 2094 782 2148 precipiat
811 2108 889 2135 rex
911 2093 1157 2136 vicecomiti
1183 2107 1260 2148 per
1280 2094 1413 2135 breue
1434 2084 1561 2135 suum

109 2165 230 2219 quod
271 2165 312 2205 in
348 2164 498 2204 castris
539 2162 773 2214 firmandis,
814 2162 882 2204 vel
923 2163 966 2203 in
1008 2162 1186 2203 edificiis
1227 2169 1269 2204 et
1314 2163 1563 2205 huiusmodi

108 2233 387 2280 instruendis,
425 2232 481 2273 de
512 2231 637 2273 firma
668 2245 746 2272 sua
777 2231 1017 2272 necessaria
1058 2231 1285 2282 ministret,
1316 2245 1393 2285 per
1422 2232 1562 2274 visum

110 2303 297 2344 duorum
329 2300 396 2342 vel
428 2301 558 2341 trium
589 2301 793 2351 virorum,
814 2314 1000 2353 quorum
1030 2301 1209 2341 nomina
1240 2300 1283 2340 in
1315 2300 1410 2353 ipso
1440 2301 1562 2342 breui
1583 2311 1624 2343 30

110 2371 426 2426 exprimuntur,
462 2376 505 2411 et
539 2370 673 2411 addat
709 2369 752 2410 in
788 2369 873 2410 fine
910 2368 1089 2410 verbum
1126 2369 1258 2410 breue
1290 2374 1354 2409 set
1385 2383 1564 2425 compu-

111 2441 307 2482 tantibus
330 2439 633 2488 necessarium,
654 2441 662 2459 ‘
681 2445 724 2480 et
746 2438 1073 2493 computabitur
1094 2437 1174 2478 tibi
1196 2438 1252 2479 ad
1275 2439 1564 2479 scaccarium)

114 2509 228 2551 Cum
251 2509 380 2562 igitur
395 2514 575 2549 ventum
598 2508 725 2549 fuerit
741 2508 797 2548 ad
820 2513 1073 2560 compotum
1092 2506 1373 2556 vicecomitis,
1390 2507 1565 2550 veniant

114 2577 243 2619 simul
264 2577 338 2630 qui
360 2577 484 2619 electi
510 2584 612 2619 sunt
634 2576 833 2618 custodes
857 2589 1036 2630 operum
1063 2582 1118 2624 et,
1140 2573 1226 2616 fide
1248 2575 1290 2615 in
1313 2575 1487 2630 publica
1508 2577 1564 2618 ab

113 2647 217 2701 ipsis
245 2647 428 2699 prestita
457 2647 575 2700 quod
605 2647 845 2688 secundum
877 2644 1185 2686 conscientiam
1210 2657 1333 2686 suam
1364 2645 1419 2685 ad
1451 2645 1564 2698 regis
1584 2654 1626 2686 35

113 2715 348 2757 vtilitatem
380 2715 423 2756 in
459 2716 553 2770 ipso
583 2729 713 2770 opere
745 2714 970 2755 nominata
1000 2727 1170 2754 summa
1201 2714 1460 2767 prouenerit‚
1488 2713 1565 2756 fiat

1579 2067 1657 2104 viii

1581 2122 1612 2151 A

162 2825 183 2860 9
201 2817 290 2860 post
305 2815 528 2862 precipiente
545 2817 630 2854 add.
647 2823 683 2853 et
699 2817 735 2852 R
858 2825 900 2859 23
926 2814 1034 2859 igitur
1051 2820 1136 2850 sunt
1157 2815 1188 2850 C
1300 2822 1342 2857 27
1369 2814 1444 2861 Fit]
1465 2814 1520 2851 Sit
1540 2815 1571 2851 C

116 2864 159 2899 28
177 2863 291 2908 pm‘us
308 2862 345 2898 in
362 2874 429 2898 om.
446 2864 482 2901 R

175 2944 213 2962 DE
225 2944 316 2963 SCACC.
856 2930 878 2962 S
