2022 3281
448 175 504 218 94
935 163 1022 205 DE
1054 161 1415 206 SCACCARIO
1707 161 1745 223 [Ι
1775 165 1848 206 viii
1870 168 1899 206 Β

446 274 584 316 latam
625 274 790 316 irritam
827 273 981 324 facere,
1020 273 1152 314 etiarn
1191 272 1228 312 si
1263 272 1373 314 alter
1410 273 1533 315 alteri
1573 275 1635 317 sic
1669 277 1900 329 proximus

448 345 505 386 sit
525 350 573 385 vt
594 343 674 384 iter
701 349 882 396 cogatur
908 342 1110 395 arripere.
1186 341 1393 384 Procuret
1415 342 1563 396 itaque
1589 345 1671 386 sibi
1698 358 1900 398 procura-

447 419 590 454 torem
620 412 688 453 vel
719 410 1012 465 responsalem
1039 415 1082 451 et
1111 408 1204 462 ipse
1234 410 1362 463 regiis
1391 411 1591 453 addictus
1622 414 1812 466 negociis
1843 414 1899 454 ad

449 481 612 522 curiam
653 481 745 521 sine
784 478 1061 520 simulatione
1106 477 1293 520 festinet.
1355 479 1556 520 Preterea
1599 481 1786 522 barones
1826 481 1900 534 qui

409 567 428 598 5
448 549 503 589 ad
525 548 785 590 scaccarium
808 547 998 588 resident
1020 547 1076 587 de
1102 545 1361 587 victualibus
1383 560 1459 588 sue
1483 547 1638 589 domus
1660 549 1704 589 in
1723 550 1901 591 vrbibus

448 623 492 658 et
510 616 696 657 castellis
719 622 762 657 et
784 615 1013 657 maritimis
1035 615 1195 668 emptis
1223 614 1401 655 nomine
1422 618 1745 658 consuetudinis
1766 617 1901 658 nichil

448 685 634 726 soluunt.
697 684 829 738 Quod
861 684 895 725 si
929 684 1126 725 minister
1155 683 1433 738 vectigalium
1464 684 1519 725 de
1549 683 1631 724 hiis
1662 687 1897 740 quicquam

447 753 616 794 soluere
641 752 912 806 compulerit,
934 753 1177 794 dummodo
1205 765 1380 805 presens
1402 752 1458 793 sit
1483 753 1671 793 seruiens
1703 754 1794 794 eius
1825 755 1899 808 qui

447 821 535 861 suis
556 822 702 862 vsibus
725 828 874 876 empta
895 821 1024 863 fuisse
1041 821 1190 862 oblata
1211 820 1297 862 fide
1324 820 1508 874 probare
1528 821 1724 872 voluerit,
1745 823 1899 863 baroni

387 906 427 930 10
445 890 624 943 quidem
655 897 812 932 exacta
833 891 1018 944 pecunia
1045 890 1297 931 restituetur
1317 890 1360 930 in
1385 890 1600 943 integrum
1623 897 1666 931 et
1692 890 1900 944 inprobus

446 967 629 1000 exactor
669 973 749 1013 pro
791 959 1003 1013 qualitate
1042 972 1228 1013 persone
1268 959 1560 1012 pecuniariam
1597 972 1755 1012 penam
1798 959 1899 1001 luet.

447 1028 561 1069 Item
591 1029 627 1068 si
650 1028 847 1082 quilibet,
869 1028 1002 1069 etiam
1032 1042 1216 1081 magnus
1247 1027 1290 1068 in
1320 1041 1466 1081 regno,
1489 1027 1732 1069 inconsulto
1758 1028 1902 1070 calore

446 1098 581 1138 animi
623 1097 864 1151 quemlibet
905 1098 960 1138 ad
1003 1099 1265 1139 scaccarium
1306 1096 1572 1138 residentem
1613 1096 1781 1150 probris
1830 1097 1902 1138 vel

447 1166 654 1207 conuiciis
682 1166 927 1214 lacessierit,
959 1166 994 1207 si
1025 1166 1250 1221 presidens
1281 1165 1351 1206 ille
1383 1179 1562 1219 presens
1593 1172 1658 1207 est
1695 1178 1900 1207 excessus

389 1221 426 1288 ¹4}
447 1234 573 1276 huius
603 1235 801 1276 vltricem
833 1248 992 1289 penam
1023 1235 1315 1288 pecuniariam
1352 1235 1502 1275 statim
1539 1235 1744 1288 excipiet.
1804 1234 1900 1275 Ab-

446 1311 571 1345 sente
600 1318 703 1344 vero
740 1304 1000 1358 presidente,
1036 1303 1203 1345 illatam
1237 1303 1437 1344 iniuriam
1473 1303 1508 1344 si
1542 1310 1791 1344 constanter
1827 1303 1900 1345 ille

445 1373 668 1425 negauerit
700 1379 744 1413 et
775 1372 1111 1413 acclamauerint
1141 1372 1425 1413 consedentes
1455 1372 1619 1413 dixisse
1651 1386 1751 1414 eum
1779 1373 1900 1425 quod

444 1441 525 1481 sibi
556 1441 752 1489 obicitur,
774 1440 1078 1481 nichilominus
1118 1441 1276 1495 regicui
1315 1440 1526 1482 militatur
1591 1442 1633 1481 in
1668 1440 1899 1493 pecuniam

445 1523 542 1551 reus
564 1510 713 1551 statim
741 1510 1004 1550 iudicabitur
1032 1509 1112 1550 nisi
1139 1509 1407 1551 festinauerit
1434 1509 1698 1562 postulando
1732 1509 1898 1550 miseri-

386 1596 425 1618 20
446 1579 637 1620 cordiam
670 1579 896 1632 preuenire
928 1578 1148 1620 iudicium.
1210 1577 1341 1631 Quod
1373 1578 1409 1619 si
1440 1591 1487 1618 se
1517 1578 1704 1619 inuicem
1736 1577 1796 1618 hii
1821 1579 1898 1631 qui

447 1649 503 1689 ad
540 1647 803 1689 scaccarium
840 1647 1029 1688 resident
1070 1646 1387 1688 contumeliosa
1422 1647 1619 1700 qualibet
1654 1646 1899 1687 obiectione

444 1715 781 1766 molestauerint‚
817 1715 1113 1757 mediantibus
1155 1715 1250 1756 aliis
1289 1716 1354 1756 sui
1394 1716 1560 1756 ordinis
1601 1716 1817 1766 ministris,
1854 1716 1898 1756 in

445 1798 598 1838 pacem
631 1786 826 1835 redeant,
863 1791 906 1825 et
936 1784 1123 1826 satisfiat
1159 1785 1215 1825 ab
1246 1784 1340 1838 ipso
1376 1785 1449 1838 qui
1487 1784 1763 1825 innocentem
1799 1783 1898 1825 lesit

441 1855 496 1895 ad
524 1867 673 1895 eorum
702 1853 1035 1895 estimationem.
1097 1853 1145 1894 Si
1176 1867 1278 1894 vero
1309 1853 1582 1906 acquiescere
1613 1851 1811 1901 noluerit,
1832 1859 1899 1894 set

384 1938 422 1970 ²5
444 1923 582 1978 magis
606 1923 647 1964 in
668 1937 746 1964 sua
774 1924 1024 1964 temeritate
1045 1922 1399 1976 perseuerauerit,
1422 1927 1692 1975 proponatur
1715 1921 1895 1962 verbum

443 1992 681 2045 presidenti
703 1999 747 2033 et
767 1993 823 2033 ab
849 2005 901 2033 eo
922 1992 1206 2045 postmodum
1232 1990 1351 2044 quod
1381 1991 1544 2031 iustum
1568 1991 1696 2031 fuerit
1717 1996 1898 2044 vterque

443 2061 660 2115 suscipiat.
723 2061 928 2103 Ceterum
958 2061 993 2100 si
1019 2075 1096 2115 per
1121 2060 1385 2102 incentorem
1414 2059 1629 2100 malorum
1659 2059 1896 2107 diabolum,

442 2131 516 2184 qui
558 2131 745 2172 fraterne
785 2131 905 2184 pacis
946 2130 1178 2172 iocundam
1220 2128 1411 2170 leticiam
1451 2141 1538 2169 non
1579 2128 1702 2181 equis
1742 2127 1898 2180 aspicit

444 2199 592 2248 oculis,
624 2199 717 2240 fieri
754 2199 986 2253 contigerit
1020 2206 1068 2240 vt
1106 2200 1218 2240 inter
1249 2199 1365 2251 ipsos
1397 2197 1586 2238 maiores
1617 2196 1898 2237 dissensionis

382 2284 422 2316 30
444 2268 608 2309 oriatur
628 2269 809 2318 occasio,
831 2268 1000 2317 deinde,
1021 2269 1140 2321 quod
1162 2267 1286 2317 absit,
1308 2272 1579 2308 succrescant
1600 2265 1896 2306 conuiciorum

441 2337 580 2391 iurgia
620 2344 678 2389 et,
714 2338 905 2378 addente
944 2336 1144 2378 stimulos
1186 2336 1397 2385 Sathana‚
1440 2347 1518 2387 per
1558 2334 1666 2375 alios
1707 2332 1897 2386 collegas

446 2407 589 2459 operis
620 2407 815 2448 eiusdem
847 2419 938 2459 pax
969 2405 1192 2446 reformari
1223 2418 1310 2445 non
1343 2404 1492 2457 possit,
1513 2402 1668 2443 horum
1698 2402 1895 2443 omniurn

444 2475 637 2527 cognitio
678 2475 760 2528 ipsi
801 2474 984 2528 principi
1029 2473 1348 2522 reseruabitur;
1390 2472 1463 2525 qui
1495 2471 1734 2512 secundum
1776 2471 1895 2523 quod

442 2544 561 2584 cordi
591 2557 671 2585 suo
703 2544 821 2595 deus,
843 2543 887 2584 in
918 2543 1040 2584 cuius
1071 2555 1202 2583 manu
1227 2541 1371 2595 ipsum
1405 2545 1484 2592 est,
1510 2539 1795 2593 inspirauerit,
1815 2553 1895 2581 ex-

489 2696 509 2731 3
527 2686 712 2731 addictus]
726 2687 873 2723 additus
886 2688 933 2722 N
1024 2695 1041 2733 5
1057 2684 1139 2730 sue]
1153 2685 1232 2721 siue
1251 2684 1282 2720 C
1367 2692 1387 2728 7
1412 2683 1581 2719 ministra
1602 2684 1633 2719 C
1714 2694 1754 2728 13
1769 2681 1894 2729 probis

442 2733 491 2768 C:
519 2733 678 2779 propriis
695 2735 743 2768 N
813 2745 854 2778 14
880 2735 939 2770 ille
956 2745 1026 2769 om.
1045 2734 1078 2769 C
1159 2741 1200 2776 17
1218 2731 1507 2767 acclamauerint
1524 2731 1691 2765 Madox:
1712 2731 1894 2766 acclame-

440 2779 515 2814 rint
537 2781 585 2815 C:
611 2781 872 2816 acclamauerit
888 2782 965 2816 NR
1052 2790 1094 2824 19
1120 2779 1304 2815 iudicatur
1325 2779 1354 2813 C
1434 2787 1474 2813 21
1497 2777 1658 2823 quelibet
1679 2778 1710 2812 C
1779 2786 1822 2821 23
1840 2775 1893 2822 et]

441 2834 477 2861 vt
494 2827 540 2861 N
630 2836 687 2870 24,
706 2836 748 2872 25
777 2834 831 2862 set
848 2854 856 2863 .
875 2854 883 2863 .
902 2854 910 2863 .
927 2827 1219 2873 perseuerauerit
1237 2836 1305 2861 om.
1324 2826 1359 2860 R
1466 2835 1511 2870 34
1536 2836 1648 2860 manu
1665 2836 1734 2860 om.
1757 2825 1788 2860 C
