2022 3281
128 226 146 257 1
167 230 195 258 v
215 215 261 270 c]
608 216 695 257 DE
728 215 1087 259 scACCARio
1525 217 1578 272 69

127 335 315 382 quatuor
350 329 553 372 scaccarii
586 329 722 371 latera
758 336 946 385 quatuor
977 330 1082 386 poni
1115 330 1268 372 sedilia
1300 330 1368 371 vel
1405 344 1579 373 scanna.

127 397 205 439 Ad
229 399 371 451 capud
398 412 500 439 vero
522 400 737 450 scaccarii,
759 399 843 441 hoc
872 407 938 442 est
958 400 1074 441 vnde
1095 399 1283 441 latitudo
1311 400 1579 449 discernitur,

128 467 172 506 in
196 468 343 508 medio
361 480 448 508 non
479 468 626 509 sedilis
648 469 724 510 sed
746 469 950 510 scaccarii
968 468 1088 510 locus
1111 475 1175 509 est
1198 468 1310 510 illius
1332 469 1580 523 principalis

128 536 183 576 de
214 548 301 588 quo
342 536 678 590 supradiximus.
741 537 792 577 In
834 537 930 578 leua
971 537 1062 578 eius
1103 538 1244 591 primo
1281 537 1378 579 loco
1418 537 1580 578 residet

126 602 405 644 cancellarius
446 605 616 646 ratione
656 605 783 646 officii
820 606 899 657 sui,
938 606 972 646 si
1013 606 1166 647 adesse
1201 620 1298 646 eurn
1337 606 1580 660 contigerit,
1599 623 1617 654 5

125 678 226 724 post
257 672 371 713 hunc
403 672 526 714 miles
557 674 780 727 gregarius
813 688 944 727 quem
981 674 1350 715 constabularium
1383 675 1579 724 dicimus,
1599 681 1625 712 B

126 747 226 792 post
263 740 378 782 hunc
408 742 496 782 duo
524 743 761 791 camerarii,
797 743 912 796 prior
943 750 1091 784 autem
1124 743 1197 796 qui
1233 743 1392 784 intuitu
1425 756 1580 796 proue-

124 809 271 850 ctioris
297 810 426 851 etatis
446 811 735 853 venerabilior
759 825 851 852 esse
872 812 1102 861 videbitur,
1124 818 1225 865 post
1250 812 1330 853 hos
1357 811 1480 853 miles
1505 813 1579 866 qui

125 878 256 931 vulgo
279 879 437 920 dicitur
479 879 769 921 marescallus.
833 880 1087 922 Inseruntur
1125 887 1274 920 tamen
1315 880 1580 933 quandoque

124 946 196 987 alii
219 948 301 988 hiis
323 947 572 989 absentibus
597 948 666 989 vel
689 948 799 989 forte
825 949 884 989 eis
910 949 1184 1003 presentibus
1206 949 1240 989 si
1269 955 1392 989 tanta
1414 949 1580 990 scilicet
1600 962 1640 984 10

124 1015 252 1056 fuerit
277 1017 512 1058 auctoritas
538 1030 687 1058 eorum
710 1016 784 1070 qui
806 1031 831 1058 a
854 1031 955 1070 rege
985 1017 1258 1058 destinantur
1277 1024 1324 1058 vt
1346 1018 1405 1058 eis
1427 1018 1579 1058 cedere

126 1085 347 1134 debeant;
379 1091 422 1125 et
453 1085 533 1126 hec
564 1091 629 1126 est
661 1085 892 1139 dispositio
923 1086 1051 1139 primi
1082 1084 1244 1126 sedilis.
1308 1086 1359 1126 In
1386 1087 1579 1127 secundo

123 1167 224 1195 vero
247 1154 363 1207 quod
387 1160 451 1194 est
473 1154 528 1194 ad
552 1153 664 1194 latus
680 1153 965 1206 longitudinis
983 1154 1182 1194 scaccarii
1204 1154 1247 1194 in
1266 1154 1409 1207 primo
1434 1154 1580 1206 capite

123 1222 285 1263 residet
306 1221 483 1263 clericus
500 1220 570 1262 vel
590 1221 697 1263 alius
714 1222 906 1262 seruiens
923 1222 1258 1263 camerariorum
1277 1236 1375 1263 cum
1395 1223 1579 1264 recautis

122 1291 206 1332 hoc
228 1297 294 1331 est
315 1304 413 1332 cum
439 1289 718 1332 contrataleis
740 1289 795 1330 de
824 1297 1012 1344 recepta,
1034 1298 1134 1344 post
1160 1290 1287 1339 hunc,
1310 1290 1578 1344 interpositis
1600 1304 1637 1336 15

123 1360 387 1412 quibusdam
421 1358 495 1411 qui
538 1372 626 1400 non
671 1373 728 1400 ex
766 1359 910 1402 officio
946 1360 1137 1401 resident
1177 1366 1243 1400 set
1278 1366 1378 1401 sunt
1420 1373 1445 1400 a
1478 1373 1579 1412 rege

123 1428 256 1479 missi,
278 1427 397 1470 locus
419 1435 484 1470 est
506 1428 629 1481 quasi
652 1428 695 1468 in
717 1428 864 1469 medio
884 1428 1030 1469 lateris
1051 1428 1255 1470 scaccarii
1278 1428 1338 1468 illi
1361 1429 1434 1481 qui
1458 1441 1577 1469 com-

121 1503 251 1551 potos
272 1497 489 1550 positione
514 1497 639 1551 ponit
665 1496 928 1539 calculorum
950 1511 959 1547 ;
993 1503 1094 1551 post
1116 1496 1230 1538 hunc
1254 1496 1387 1550 aliqui
1409 1510 1496 1537 non
1519 1510 1578 1538 ex

121 1566 263 1607 officio
285 1565 511 1607 necessarii
528 1573 674 1608 tamen
697 1572 740 1608 et
757 1565 800 1606 in
818 1565 903 1606 fine
920 1564 1066 1607 sedilis
1083 1565 1196 1606 illius
1219 1566 1379 1607 residet
1401 1566 1578 1607 clericus

122 1635 196 1687 qui
217 1634 447 1688 scriptorio
475 1641 621 1689 preest
647 1640 691 1677 et
719 1634 788 1676 hic
819 1648 877 1676 ex
905 1634 1058 1676 officio.
1145 1634 1219 1676 Sic
1241 1634 1376 1675 habes
1397 1635 1577 1676 secundi
1600 1648 1640 1670 20

122 1703 270 1743 scanni
293 1703 640 1757 dispositionem.
684 1703 850 1744 Verum
867 1704 923 1744 ad
945 1704 1151 1744 dextram
1178 1703 1436 1757 presidentis
1459 1704 1579 1744 iusti-

122 1772 235 1813 tiarii
276 1772 436 1813 residet
482 1773 626 1826 primo
667 1772 764 1815 loco
815 1786 930 1813 nunc
980 1771 1296 1813 Wintoniensis
1347 1772 1579 1826 episcopus

121 1841 345 1893 quondam
380 1841 648 1882 Pictauensis
676 1841 1009 1882 archidiaconus
1043 1854 1100 1881 ex
1131 1840 1272 1882 officio
1301 1841 1478 1894 quidem
1512 1847 1578 1881 set

126 1923 181 1950 ex
205 1909 376 1950 nouella
391 1911 714 1959 constitutione,
727 1917 775 1951 vt
792 1909 954 1952 scilicet
975 1910 1203 1963 proximus
1230 1910 1286 1950 sit
1308 1909 1577 1950 thesaurario

122 1984 165 2018 et
197 1978 406 2031 scripture
437 1977 568 2018 rotuli
600 1978 834 2031 diligenter
864 1978 1077 2019 intendat.
1140 1977 1244 2018 Post
1275 1976 1390 2017 hunc
1420 1977 1578 2019 residet
1599 1991 1636 2024 25

122 2046 414 2087 thesaurarius
436 2046 479 2087 In
503 2047 647 2100 capite
669 2047 858 2087 secunde
879 2047 993 2087 sedis
1018 2045 1062 2085 in
1085 2046 1280 2095 dextera,
1304 2046 1370 2087 cui
1393 2045 1575 2100 diligen-

122 2116 291 2156 tissima
313 2128 414 2156 cura
432 2121 498 2156 est
516 2129 593 2169 per
609 2115 779 2168 singula
795 2129 880 2168 que
898 2115 984 2155 illic
1000 2120 1207 2168 geruntur
1223 2114 1348 2167 quasi
1366 2115 1576 2156 rationem

122 2185 177 2225 de
198 2183 280 2225 hiis
302 2184 507 2225 omnibus
529 2184 565 2224 si
592 2184 832 2238 oportuerit
853 2183 1089 2225 reddituro.
1152 2183 1257 2224 Post
1281 2182 1396 2224 hunc
1418 2183 1578 2224 residet

124 2253 302 2295 clericus
339 2252 430 2293 eius
465 2252 651 2306 scriptor
681 2251 811 2294 rotuli
847 2252 902 2293 de
937 2252 1152 2298 thesauro,
1184 2258 1285 2303 post
1319 2251 1432 2293 hunc
1467 2250 1577 2292 alius

121 2322 306 2376 scriptor
331 2320 462 2362 rotuli
491 2322 546 2362 de
574 2320 844 2371 cancellaria,
865 2326 965 2374 post
994 2320 1108 2361 hunc
1133 2320 1312 2361 clericus
1333 2320 1576 2362 cancellarii
1596 2333 1639 2364 30

119 2391 193 2445 qui
227 2389 400 2432 oculata
431 2389 517 2431 fide
547 2402 719 2443 semper
749 2389 960 2443 prospicit
990 2395 1037 2430 vt
1068 2388 1234 2430 rotulus
1265 2402 1366 2429 suus
1398 2387 1469 2429 alii
1502 2394 1622 2442 perC

117 2459 290 2513 singula
312 2459 576 2512 respondeat
591 2464 637 2498 vt
659 2471 737 2499 nec
760 2459 849 2498 iota
870 2471 1003 2498 vnum
1026 2457 1138 2498 desit
1160 2471 1238 2498 nec
1256 2457 1366 2498 alius
1387 2457 1443 2498 sit
1465 2458 1576 2498 ordo

119 2528 346 2579 scribendi,
362 2533 463 2581 post
483 2527 598 2568 hunc
620 2526 743 2581 quasi
762 2527 805 2567 in
822 2526 907 2567 fine
924 2526 1069 2567 sedilis
1086 2525 1197 2566 illius
1220 2527 1378 2567 residet
1395 2526 1576 2568 clericus

122 2596 448 2646 constabularie,
471 2609 655 2650 magnus
687 2595 863 2648 quidem
897 2600 940 2636 et
968 2595 1184 2636 officiosus
1205 2594 1248 2635 in
1274 2594 1442 2635 domini
1465 2595 1576 2649 regis

121 2665 239 2706 curia
261 2671 302 2705 et
324 2664 395 2705 hic
416 2664 592 2717 quidem
617 2664 784 2705 habens
806 2663 993 2705 officium
1023 2663 1141 2715 quod
1164 2676 1242 2716 per
1269 2676 1315 2704 se
1337 2663 1481 2717 ipsum
1505 2663 1575 2705 vel
1596 2676 1634 2709 35

170 2762 186 2798 3
215 2753 403 2798 contingat
420 2754 468 2788 N
572 2762 592 2797 7
618 2760 748 2799 postea
763 2753 810 2788 N
911 2762 932 2797 9
960 2754 1200 2787 Inseruuntur
1216 2753 1252 2787 R
1358 2754 1400 2788 16
1425 2753 1575 2799 quibus-

122 2800 209 2836 dam
226 2801 262 2834 R
279 2811 393 2835 corn:
421 2800 552 2846 quibus
573 2801 678 2836 CNR
795 2808 847 2843 17,
869 2801 911 2835 18
937 2806 1111 2844 compoto
1127 2800 1163 2834 R
1272 2801 1312 2836 18
1337 2800 1440 2846 ponit
1459 2812 1527 2835 om.
1547 2801 1578 2835 C

123 2857 166 2891 19
191 2854 227 2882 et
246 2858 314 2882 om.
334 2848 381 2881 N
465 2857 509 2891 23
535 2846 714 2883 archid’n'
732 2847 769 2881 R
863 2851 949 2881 ante
966 2858 1010 2882 ex
1026 2846 1111 2880 add.
1128 2857 1203 2881 non
1220 2847 1269 2881 N
1358 2848 1403 2884 26
1429 2847 1532 2883 cuius
1549 2848 1580 2883 C

118 2904 161 2939 31
189 2894 336 2930 oculata
352 2893 621 2930 Liebermann:
653 2895 796 2930 occulta
814 2894 912 2929 codd.
1006 2893 1206 2940 prospiciat
1226 2894 1258 2930 C
