2022 3281
137 804 635 868 DIALOGUS
715 805 844 866 DE
920 804 1463 868 SCACCARIO

599 1002 1014 1066 [PREFATIO]

203 1174 512 1216 RDINATIS
542 1188 567 1215 a
592 1176 677 1216 deo
697 1176 991 1229 potestatibus
1013 1177 1056 1217 in
1080 1176 1197 1216 omni
1218 1176 1376 1217 timore
1397 1177 1532 1218 subici
1554 1186 1583 1216 A

228 1243 355 1285 simul
379 1250 422 1285 et
443 1243 624 1297 obsequi
646 1257 821 1285 necesse
843 1250 918 1286 est.
971 1244 1129 1286 Omnis
1151 1244 1267 1284 enim
1289 1251 1487 1297 potestas
1509 1260 1533 1286 a

78 1312 255 1353 domino
285 1313 369 1354 deo
401 1319 477 1353 est.
539 1313 642 1354 Non
675 1326 779 1366 ergo
808 1313 981 1354 videtur
1010 1313 1250 1354 absurdum
1281 1313 1348 1354 vel
1380 1328 1406 1355 a
1435 1314 1535 1354 viris

78 1380 377 1422 ecclesiasticis
398 1381 588 1422 alienum
611 1382 786 1435 regibus
807 1382 931 1435 quasi
959 1380 1294 1435 precellentibus
1315 1388 1360 1423 et
1381 1383 1533 1423 ceteris

76 1450 366 1504 potestatibus
395 1450 626 1492 seruiendo
655 1464 732 1491 sua
762 1451 855 1492 iura
883 1464 1080 1500 seruare3
1120 1450 1348 1504 presertim
1377 1450 1421 1491 in
1450 1451 1534 1492 hiis
1555 1467 1572 1497 5

75 1531 162 1572 que
200 1518 369 1560 veritati
405 1518 471 1559 vel
509 1519 725 1560 honestati
767 1532 855 1560 non
898 1519 1092 1561 obuiant.
1153 1518 1344 1572 Oportet
1386 1525 1533 1560 autem

76 1587 158 1628 hiis
189 1588 349 1628 seruire
380 1601 467 1629 non
503 1587 546 1629 in
582 1588 889 1629 conseruandis
922 1595 1094 1630 tantum
1128 1588 1418 1642 dignitatibus
1456 1602 1535 1641 per

76 1669 185 1709 quas
216 1655 353 1709 gloria
382 1657 497 1710 regie
525 1657 755 1710 potestatis
786 1657 940 1706 elucet,
961 1670 1112 1698 verum
1140 1656 1183 1696 in
1212 1658 1533 1698 mundanarum

74 1725 329 1767 facultatum
366 1726 502 1779 copiis
538 1738 623 1779 que
663 1740 737 1767 eos
778 1726 844 1766 sui
881 1732 1021 1767 status
1058 1725 1224 1766 ratione
1259 1726 1532 1779 contingunt.

77 1793 158 1835 Ille
183 1794 300 1835 enim
321 1793 551 1844 illustrant,
572 1794 652 1835 hec
674 1794 949 1836 subueniunt.
1002 1794 1137 1835 Porro
1159 1793 1387 1835 mobilium
1409 1794 1533 1847 copia
1558 1810 1596 1831 10

76 1862 143 1904 vel
188 1862 383 1904 defectus
426 1863 670 1916 principum
716 1869 956 1915 potestates
1000 1863 1201 1904 humiliat
1240 1862 1309 1903 vel
1353 1862 1533 1905 exaltat.

79 1931 252 1985 Quibus
274 1932 387 1973 enim
409 1931 488 1972 hec
506 1932 662 1972 desunt
683 1931 883 1973 hostibus
901 1932 1035 1984 preda
1057 1931 1180 1979 fiunt,
1201 1931 1359 1985 quibus
1383 1938 1532 1972 autem

74 2000 158 2041 hec
190 2006 431 2054 suppetunt
461 1999 545 2041 hiis
575 1999 723 2041 hostes
754 1999 798 2039 in
829 2000 1010 2052 predam
1044 1999 1216 2040 cedunt.
1278 1999 1396 2041 Sane
1432 1999 1533 2041 licet

76 2069 158 2111 hec
199 2070 372 2122 regibus
412 2067 682 2122 plerumque,
711 2068 801 2108 iure
837 2067 922 2108 non
960 2082 1135 2122 prorsus
1172 2068 1425 2109 examinato
1466 2075 1533 2109 set

76 2138 228 2192 patriis
250 2138 513 2191 quandoque
534 2136 704 2190 legibus
726 2136 991 2189 quandoque
1011 2136 1209 2178 cordium
1231 2149 1409 2177 suorum
1431 2149 1531 2177 con-
1555 2151 1594 2181 15

74 2206 177 2248 siliis
208 2205 389 2248 occultis
424 2205 493 2246 vel
528 2204 661 2246 solius
696 2205 914 2245 interdum
952 2217 1029 2245 sue
1064 2204 1304 2245 voluntatis
1343 2204 1533 2253 arbitrio,

76 2275 306 2329 prouenire
338 2273 591 2328 contingat;
630 2286 779 2314 eorum
820 2279 969 2314 tamen
1006 2273 1120 2314 facta
1160 2273 1216 2313 ab
1258 2271 1533 2314 inferioribus

76 2343 347 2385 discutienda
381 2343 450 2383 vel
485 2341 851 2395 condempnanda
883 2355 970 2382 non
1006 2348 1119 2383 sunt.
1181 2341 1380 2395 Quorum
1417 2341 1530 2382 enim

76 2412 208 2454 corda
228 2418 271 2453 et
293 2418 439 2453 motus
461 2411 656 2451 cordium
677 2410 720 2451 in
742 2423 874 2450 manu
896 2410 964 2451 dei
987 2416 1086 2451 sunt
1107 2415 1150 2450 et
1171 2410 1327 2463 quibus
1352 2410 1409 2451 ab
1435 2409 1531 2463 ipso

77 2481 162 2521 deo
189 2479 464 2533 singulariter
489 2486 554 2520 est
583 2478 746 2520 credita
773 2491 876 2519 cura
903 2478 1190 2529 subditorum,
1221 2492 1370 2519 eorum
1402 2491 1532 2519 causa
1556 2494 1596 2515 20

78 2548 228 2589 diuino
255 2553 428 2589 tantum
457 2561 545 2588 non
571 2546 764 2587 humano
792 2546 952 2588 iudicio
980 2553 1068 2588 stat
1095 2552 1171 2587 aut
1196 2547 1326 2588 cadit.
1387 2547 1532 2588 Nemo

77 2622 225 2657 tamen
266 2616 586 2669 quantumlibet
621 2616 744 2656 diues
779 2615 812 2655 si
848 2628 972 2656 secus
1009 2615 1146 2668 egerit
1181 2616 1237 2656 de
1273 2615 1533 2669 impunitate

127 2765 148 2790 2
174 2754 282 2790 simul
314 2762 351 2791 et
377 2756 465 2791 CR:
493 2754 660 2791 similiter
685 2755 733 2789 N
882 2763 972 2798 9—11
1002 2754 1240 2790 facultatum.
1257 2783 1265 2791 .
1284 2782 1294 2791 .
1311 2756 1445 2792 exaltat
1472 2756 1534 2790 Ν2

83 2811 126 2836 10
142 2801 331 2837 mobilium
345 2803 611 2837 Lz‘ebermann:
633 2801 812 2838 nobilium
832 2801 937 2836 CNR
1056 2811 1097 2836 12
1115 2802 1186 2837 hec
1198 2828 1206 2838 .
1224 2830 1232 2839 .
1247 2829 1256 2838 .
1273 2810 1396 2838 autem
1410 2814 1478 2837 om.
1496 2804 1534 2836 R

80 2847 229 2893 desunt]
242 2856 438 2895 suppetunt
453 2850 501 2884 N
511 2861 605 2885 corr.
702 2858 742 2893 13
768 2846 939 2894 predam]
957 2848 1123 2894 predicta
1133 2850 1170 2884 R
1250 2851 1293 2886 16
1317 2848 1397 2894 sue]
1411 2850 1490 2886 siue
1504 2850 1536 2884 C
