2022 3281
67 191 201 224 cAPP.
227 191 317 223 LIB.
341 180 378 238 1]
548 181 634 223 DE
667 179 1029 224 SCACCARIO
1463 192 1515 235 57

65 296 220 347 virum,
261 302 353 338 tarn
395 295 627 350 singularis
676 297 871 350 potentie
919 294 1170 350 principem,
1211 294 1323 335 inter
1374 300 1519 336 cetera

67 365 231 406 maiora
262 365 341 406 hec
372 366 505 406 etiam
536 378 720 406 curasse.
783 365 899 407 Sane
929 363 1191 406 scaccarium
1227 363 1313 404 suis
1349 362 1519 417 legibus

65 448 152 475 non
187 440 352 474 temere
387 441 453 476 set
489 448 748 489 magnorum
789 433 1131 475 consideratione
1166 431 1364 474 subsistit
1399 431 1520 473 cuius

65 502 177 544 ratio
212 502 246 544 si
284 509 473 544 serueter
513 503 555 544 in
596 504 798 544 omnibus
839 507 1045 557 poterunt
1085 500 1266 555 singulis
1307 514 1386 542 sua
1426 500 1519 541 iura

65 571 225 612 seruari
261 578 304 613 et
340 571 418 612 tibi
453 572 580 626 plene
615 572 872 625 prouenient
912 584 998 625 que
1033 569 1137 611 fisco
1174 569 1398 620 debentur,
1432 582 1518 622 que
1539 587 1555 617 5

65 640 204 693 possit
245 647 461 694 oportune
500 640 767 682 nobilissime
810 639 970 681 mentis
1009 644 1084 680 tue
1124 638 1321 680 ministra
1362 651 1517 678 manus

64 708 300 750 effundere.

424 856 660 910 [Incipiunt
682 855 872 910 capitula
894 855 989 897 libri
1012 854 1154 910 primi.

125 969 158 1010 Ι.
192 968 312 1022 Quid
333 970 388 1010 sit
410 970 671 1010 scaccarium
693 975 735 1010 et
757 982 842 1021 que
864 968 974 1009 ratio
995 968 1123 1008 huius
1143 966 1342 1008 nominis.

124 1065 184 1106 II.
216 1065 348 1119 Quod
388 1066 507 1107 aliud
547 1071 612 1107 est
651 1065 826 1106 inferius
866 1071 999 1118 atque
1038 1063 1157 1106 aliud
1198 1062 1395 1116 superius
1430 1075 1516 1103 vna
1539 1085 1577 1106 10

65 1139 213 1175 tamen
244 1135 364 1187 origo
395 1135 630 1187 Vtriusque.

124 1231 209 1272 III.
241 1231 339 1286 Que
360 1231 414 1272 sit
427 1231 538 1272 ratio
550 1230 618 1271 vel
636 1229 851 1272 institutio
867 1229 1072 1270 inferioris
1087 1242 1163 1282 per
1179 1228 1348 1281 singula
1362 1227 1515 1269 officia.

125 1327 234 1368 IIII.
267 1327 366 1382 Que
396 1328 452 1369 sit
481 1327 715 1369 auctoritas
746 1325 978 1380 superioris
1002 1331 1046 1367 et
1070 1325 1185 1366 vnde
1216 1324 1400 1379 sumpsit
1431 1324 1516 1365 ori-

65 1410 222 1450 gmem.

121 1493 173 1534 V.
207 1492 339 1546 Quod
384 1493 439 1533 sit
483 1492 674 1534 officium
718 1490 974 1546 presidentis
1016 1490 1059 1530 in
1102 1489 1176 1530 illo
1218 1494 1262 1530 et
1302 1502 1389 1542 que
1430 1489 1517 1530 sint
1542 1511 1576 1540 15

62 1562 333 1616 singulorum
365 1562 447 1602 sibi
479 1561 762 1602 assidentium
793 1559 942 1602 officia.

119 1658 199 1701 VI.
231 1659 340 1713 Quis
361 1659 416 1701 sit
436 1666 561 1701 tenor
581 1658 779 1701 breuium
802 1657 915 1712 regis
937 1656 1151 1697 factorum
1174 1655 1230 1696 ad
1253 1655 1516 1697 scaccarium

62 1728 155 1769 siue
182 1729 237 1770 de
265 1729 387 1770 exitu
414 1728 607 1770 thesauri
635 1727 726 1768 siue
751 1727 806 1768 de
828 1724 1148 1779 computandis,
1171 1724 1262 1765 siue
1284 1724 1338 1764 de
1361 1724 1517 1777 perdo-

64 1798 233 1839 nandis.

119 1893 223 1934 VII.
255 1892 301 1934 A
332 1893 488 1947 quibus
519 1898 562 1933 et
592 1893 649 1933 ad
678 1891 785 1946 quid
816 1891 1014 1932 instituta
1044 1889 1125 1930 fuit
1155 1889 1325 1943 argenti
1353 1888 1515 1930 exami-
1539 1911 1578 1932 20

64 1963 202 2013 nacio,
223 1968 288 2003 set
310 1962 393 2002 hoc
415 1961 663 2002 incidenter.

120 2058 250 2099 VIII.
284 2057 384 2111 Que
417 2057 502 2098 sint
534 2057 623 2098 iura
654 2062 697 2098 et
728 2055 967 2109 dignitates
997 2053 1278 2095 residentium
1310 2053 1366 2093 ad
1397 2066 1516 2094 scac-

63 2126 227 2168 carium
248 2126 317 2167 vel
345 2140 401 2166 ex
429 2126 572 2166 officio
593 2123 661 2166 vel
687 2138 744 2165 ex
770 2124 862 2165 solo
884 2123 994 2177 regis
1016 2122 1238 2174 mandato,
1260 2127 1303 2163 et
1325 2123 1515 2174 quedam

63 2195 297 2236 incidentia
318 2194 567 2236 necessaria.

123 2291 203 2332 IX.
237 2290 357 2345 Quid
380 2291 625 2345 scutagium
647 2296 691 2331 et
712 2303 846 2343 quare
869 2289 928 2330 sic
949 2289 1129 2330 dicatur.
1537 2307 1574 2337 25

122 2387 180 2429 X.
214 2386 333 2441 Quid
355 2387 578 2428 murdrum
601 2392 643 2427 et
663 2399 798 2440 quare
818 2385 878 2427 sic
899 2385 1078 2426 dictum.

121 2485 204 2526 XI.
237 2484 354 2539 Quid
381 2483 674 2539 danegeldum
702 2490 746 2525 et
775 2495 908 2536 quare
929 2482 987 2523 sic
1010 2480 1282 2522 nominatum
1303 2481 1370 2523 vel
1394 2481 1514 2522 insti-

64 2560 222 2595 tutum.

123 2656 229 2697 XII.
262 2655 381 2710 Quid
404 2655 564 2697 foresta
585 2655 697 2708 regis
719 2659 763 2695 et
786 2667 871 2707 que
893 2653 1004 2694 ratio
1026 2651 1346 2705 appellationis.

111 2815 133 2850 9
160 2805 257 2849 Quid
286 2831 294 2840 .
321 2831 329 2840 .
358 2831 366 2840 .
393 2805 553 2840 nominis
580 2804 664 2840 add.
698 2802 759 2838 Ν2
872 2812 913 2838 12
940 2801 1036 2848 Que]
1069 2801 1168 2848 Quid
1193 2802 1266 2837 CN
1366 2802 1410 2838 26
1430 2804 1519 2848 post

64 2852 202 2888 dictum
226 2852 310 2887 add.
327 2858 382 2888 est
408 2854 438 2888 C

123 2929 162 2947 DE
180 2928 272 2947 scit-cc.
783 2917 800 2949 I
