2022 3281
389 178 472 232 156
874 176 961 217 DE
993 173 1350 217 scACCARIO
1630 173 1689 233 [11
1709 175 1837 218 xxiiii

390 291 555 332 Debita
590 303 780 343 namque
815 288 914 329 filiis
949 287 1114 328 ratione
1143 287 1423 329 successionis
1458 288 1674 331 hereditas
1705 303 1779 331 eos
1810 302 1834 329 a

389 360 485 413 lege
505 365 662 413 sponte
683 357 932 399 oblatorum
953 356 1125 397 videtur
1146 354 1393 397 excludere.

277 442 373 468 xxv
451 429 563 470 Item
592 427 643 468 fit
673 426 890 467 interdum
921 431 968 466 vt
997 411 1100 465 aues
1131 423 1245 477 regie
1277 424 1366 477 regi
1396 424 1588 478 qualibet
1620 440 1677 467 ex
1708 438 1836 466 causa

389 497 728 550 promittantur;
778 493 1006 546 accipitres
1043 491 1205 533 scilicet
1240 491 1309 532 vel
1350 491 1550 534 falcones.
1627 494 1760 548 Quod
1802 494 1837 534 si

354 582 371 614 5
391 565 646 619 promittens
671 562 964 603 determinans
994 560 1165 611 dixerit,
1188 560 1463 615 ‘accipitrem
1490 561 1687 604 instantis
1713 561 1835 603 anni’

389 634 458 675 vel
488 630 751 680 ‘mutatum,’
782 630 851 671 vel
882 629 1024 670 locum
1055 629 1186 670 etiam
1218 630 1438 682 exprimat
1467 630 1625 681 dicens,
1658 631 1837 671 ‘Hiber-

390 714 578 750 nensem,
598 696 932 753 Hispaniensem,
954 698 1218 739 Norrensem
1245 696 1385 748 dabo,'
1406 698 1467 739 sic
1491 699 1739 741 satisfaciat.
1791 698 1839 740 Si

388 783 492 811 vero
518 781 596 809 nee
623 769 697 821 qui
723 767 950 822 promittit,
971 779 1049 807 nec
1076 767 1144 809 cui
1172 766 1454 821 promittitur,
1476 767 1839 818 determinauerit,

390 837 431 878 in
463 837 638 879 arbitrio
667 835 957 890 promittentis
988 835 1069 876 erit
1098 835 1134 876 si
1167 842 1399 886 mutatum,
1417 835 1486 877 vel
1518 848 1617 886 non,
1643 835 1697 876 sit
1726 835 1839 876 solu-

333 922 373 943 10
390 914 524 948 turus.
577 905 655 946 Set
676 905 711 946 si
733 904 901 958 integer
921 910 965 945 et
986 917 1115 945 sanus
1136 917 1162 945 a
1183 904 1308 958 regiis
1328 904 1599 946 austurcariis
1621 903 1841 953 iudicetur,

390 987 647 1029 quacunque
681 973 885 1016 exclusus
919 973 1058 1022 fuerit,
1090 973 1359 1026 suscipietur.
1422 973 1554 1014 Porro
1584 972 1619 1013 si
1649 985 1840 1014 summo-

390 1044 508 1085 nitus
536 1043 714 1096 dignum
747 1042 907 1096 suscipi
933 1042 989 1083 ad
1015 1042 1278 1083 scaccarium
1308 1040 1510 1084 detulerit
1542 1054 1621 1082 nec
1654 1041 1710 1083 sit
1746 1047 1842 1082 tum

391 1112 464 1166 qui
492 1112 708 1165 suscipiat,
729 1111 862 1153 etiam
889 1111 924 1152 si
952 1118 1054 1164 post
1078 1111 1161 1153 hoc
1186 1111 1230 1151 in
1254 1124 1416 1152 annum
1438 1110 1507 1152 vel
1530 1109 1752 1152 biennium
1773 1109 1841 1151 vel

391 1181 578 1234 amplius
599 1178 821 1221 differatur
835 1179 1128 1230 summonitio,
1144 1179 1223 1220 nisi
1245 1193 1375 1232 quem
1398 1179 1606 1229 maluerit,
1623 1184 1841 1220 mutatum

335 1264 372 1296 15
392 1250 555 1291 scilicet
575 1249 642 1290 vel
666 1261 834 1298 ornum,
853 1247 1022 1289 soluere
1051 1261 1137 1288 non
1167 1254 1358 1301 cogetur.
1421 1247 1552 1301 Quod
1583 1248 1618 1289 si
1649 1261 1841 1288 summo-

392 1319 507 1358 nitus
536 1317 796 1359 solutionem
827 1315 987 1357 differri
1018 1316 1347 1369 quomodolibet
1379 1316 1684 1369 procurauerit‚
1716 1315 1843 1356 iuxta

391 1399 617 1427 numerum
650 1398 859 1426 annorum
894 1385 1047 1437 quibus
1077 1385 1246 1426 indulta
1277 1384 1356 1426 sibi
1387 1391 1452 1426 est
1482 1385 1645 1435 dilatio,
1675 1384 1843 1425 bimum

392 1454 553 1496 scilicet
579 1454 647 1496 vel
673 1454 851 1496 trimum
878 1453 945 1494 vel
976 1453 1180 1507 deinceps
1209 1459 1424 1494 mutatum
1450 1453 1601 1495 soluet.
1675 1452 1744 1493 De
1774 1453 1843 1493 his

391 1531 538 1564 autem
574 1528 723 1565 contra
756 1522 989 1563 terminum
1024 1522 1189 1563 Pasche
1220 1522 1500 1563 summonitio
1537 1535 1623 1562 non
1659 1521 1708 1562 fit
1741 1521 1842 1574 quia

335 1607 374 1629 20
392 1605 538 1632 earum
570 1592 738 1633 aestiuo
769 1597 966 1645 tempore
997 1604 1116 1631 rarus
1147 1596 1212 1631 est
1239 1604 1352 1632 vsus.
1411 1590 1536 1631 Tunc
1567 1590 1683 1631 enim
1715 1603 1841 1631 caue-

391 1673 513 1700 arum
550 1660 683 1700 antris
718 1659 882 1701 incluse
916 1659 1145 1712 diligenter
1179 1659 1483 1701 custodiuntur
1511 1664 1558 1700 vt
1589 1658 1737 1699 redeat
1767 1658 1841 1698 de-

389 1728 531 1782 posita
546 1734 765 1769 vetustate
786 1741 1028 1781 pennarum
1045 1727 1176 1768 decor
1193 1734 1236 1769 et
1253 1741 1400 1769 earum
1414 1732 1460 1769 vt
1477 1727 1621 1780 aquile
1642 1727 1843 1768 iuuentus

389 1801 631 1838 renouetur.
690 1796 857 1838 Verum
889 1803 1040 1838 contra
1070 1796 1302 1837 terminum
1331 1796 1469 1837 sancti
1501 1795 1737 1844 Michaelis,
1758 1808 1844 1849 que

379 1859 476 1919 'regi
505 1865 732 1913 debentur,
758 1871 1103 1913 summonentur,
1128 1870 1176 1906 vt
1200 1864 1390 1906 instante
1417 1870 1520 1905 tunc
1547 1863 1690 1904 hieme
1717 1863 1845 1917 regiis

332 1948 369 1980 25
389 1940 595 1987 aptentur
625 1933 858 1987 obsequiis.
918 1934 971 1974 In
1002 1933 1281 1975 cohercendis
1315 1939 1462 1974 autem
1491 1932 1571 1983 his,
1601 1932 1675 1986 qui
1705 1932 1766 1973 sic
1798 1945 1845 1973 se

391 2007 547 2055 sponte
568 2001 777 2056 obligant,
799 2014 877 2043 nec
898 2000 1086 2053 soluunt,
1107 2001 1181 2043 lex
1202 2001 1396 2055 predicta
1421 2001 1477 2042 de
1505 2006 1660 2055 sponte
1687 1999 1845 2042 oblatis

391 2077 596 2112 seruatur.

267 2133 376 2170 XXVi
451 2139 525 2181 Ad
546 2139 626 2181 hec
647 2138 846 2181 nouerint
866 2138 939 2189 hii,
960 2138 1034 2192 qui
1056 2138 1100 2180 in
1122 2139 1304 2192 pecunia
1325 2143 1550 2179 numerata
1574 2137 1664 2191 regi
1689 2142 1845 2190 sponte

344 2187 375 2217 A
393 2221 437 2249 se
458 2209 668 2262 obligant,
689 2208 808 2262 quod
838 2208 984 2261 regine
1012 2207 1209 2248 similiter
1229 2213 1440 2257 tenentur,
1461 2206 1562 2249 licet
1591 2219 1845 2259 expressum

332 2293 374 2323 30
392 2290 477 2318 non
510 2277 646 2319 fuerit.
708 2277 922 2331 Quamuis
956 2276 1069 2317 enim
1101 2289 1186 2317 non
1218 2277 1274 2317 sit
1304 2288 1572 2329 expressum,
1603 2280 1669 2316 est
1697 2280 1847 2315 tamen

390 2345 604 2398 promisso
633 2345 1006 2400 compromissum,
1027 2350 1075 2386 vt
1102 2358 1202 2386 cum
1230 2344 1320 2398 regi
1350 2351 1523 2386 centum
1545 2343 1612 2384 vel
1635 2344 1845 2385 ducentas

390 2426 556 2455 marcas
583 2414 841 2467 promiserit,
863 2413 1007 2467 regine
1034 2413 1195 2467 pariter
1214 2418 1416 2454 teneatur
1435 2426 1514 2466 pro
1536 2418 1711 2454 centum
1734 2425 1846 2453 mar-

390 2481 450 2521 cis
479 2482 647 2536 argenti
675 2482 764 2536 regi
793 2482 1014 2536 promissis
1043 2483 1086 2523 in
1114 2495 1199 2522 vna
1227 2494 1370 2522 marca
1397 2480 1502 2530 auri,
1527 2495 1606 2535 pro
1635 2481 1847 2531 ducentis,

391 2549 434 2589 in
470 2551 638 2591 duabus
679 2551 835 2592 marcis
874 2551 978 2601 auri,
1018 2557 1061 2592 et
1100 2550 1161 2591 sic
1201 2549 1416 2604 deinceps.
1486 2550 1535 2591 In
1575 2549 1655 2591 hiis
1695 2556 1844 2592 autem

332 2632 373 2664 35
389 2619 687 2671 perquirendis
719 2620 871 2660 eadem
901 2618 999 2673 lege
1027 2619 1270 2660 vicecomes
1300 2631 1377 2672 per
1405 2618 1552 2659 omnia
1575 2625 1731 2668 vtetur,
1757 2632 1845 2672 qua

389 2686 432 2726 in
454 2687 579 2739 regiis
600 2701 702 2728 vsus
726 2694 802 2738 est,
824 2701 910 2729 non
936 2694 1086 2730 tamen
1114 2693 1216 2729 ante
1242 2692 1309 2727 set
1336 2693 1451 2740 post.
1513 2687 1626 2729 Cum
1656 2700 1760 2740 ergo
1787 2687 1842 2728 de

440 2791 455 2816 1
485 2780 664 2816 rationem
681 2783 717 2817 R
823 2792 862 2826 13
889 2783 958 2818 hec
975 2783 1011 2817 R
1122 2783 1164 2817 16
1182 2781 1364 2817 solutione
1381 2782 1428 2816 N
1517 2791 1560 2826 23
1585 2789 1793 2818 remouetur
1807 2782 1843 2816 R

393 2837 439 2873 29
464 2839 503 2863 se
520 2838 589 2863 om.
607 2829 654 2863 N
765 2838 811 2872 30
835 2829 974 2875 tamen]
993 2835 1135 2865 tantum
1153 2830 1188 2865 R
1305 2837 1348 2874 31
1375 2826 1449 2874 vel]
1467 2828 1605 2864 scilicet
1621 2830 1657 2865 R
