2022 3281
413 184 496 227 154
896 175 981 216 DE
1014 172 1372 216 SCACCARIO
1679 175 1734 229 [11
1757 176 1853 217 xxii

411 304 496 343 que
523 288 680 330 catalla
712 288 841 330 vendi
869 287 1056 330 debeant
1083 292 1127 328 et
1160 301 1244 339 que
1271 301 1385 338 non3
1419 295 1461 330 et
1493 289 1597 330 item
1625 289 1667 330 in
1697 290 1852 344 quibus

409 372 687 413 personarum
719 357 916 398 discretio
946 356 1134 397 tenenda
1165 362 1230 396 est
1260 362 1303 396 et
1334 355 1377 395 in
1407 357 1564 410 quibus
1595 371 1710 407 non3
1749 364 1853 399 tunc

410 428 572 469 scilicet
594 440 692 467 cum
710 426 939 472 debitores,
955 424 1028 476 qui
1051 424 1093 463 in
1109 424 1364 476 pecuniariis
1386 426 1509 478 penis
1530 425 1617 479 regi
1638 432 1852 473 tenentur,

413 496 624 537 soluendo
646 508 731 535 non
752 493 921 534 fuerint.
984 492 1139 533 Restat
1159 499 1206 533 vt
1227 492 1331 544 quid
1351 493 1406 533 de
1426 492 1583 534 oblatis
1604 494 1853 548 spontaneis

353 570 395 613 ,ᾗ
415 563 503 604 fieri
525 564 694 611 debeat,
715 576 813 603 cum
836 561 940 602 item
963 573 1050 601 non
1071 559 1289 610 soluerint,
1310 561 1601 602 ostendamus.

286 614 397 688 xmx
471 632 658 672 Noueris
699 630 827 683 igitur
865 630 983 682 quod
1023 628 1269 669 oblatorum
1306 628 1409 683 regi,
1444 629 1631 681 quedam
1667 629 1709 669 in
1750 643 1853 680 rem,

411 701 599 753 quedam
625 699 667 739 in
691 711 827 753 spem,
856 696 1104 738 offeruntur.
1165 696 1217 737 In
1249 710 1338 737 rem
1370 696 1548 749 quidem
1579 697 1720 738 offerri
1748 698 1854 738 dici-

410 782 517 818 muS,
530 781 628 808 cum
645 767 842 808 oblatum
859 778 885 806 a
899 779 1000 819 rege
1016 765 1258 818 suscipitur,
1273 771 1316 806 et
1332 765 1517 806 offerens
1530 773 1853 818 consequenter,

408 850 487 889 pro
523 850 611 890 quo
646 835 821 883 obtulit,
853 848 879 875 a
909 847 1009 887 rege
1050 833 1239 886 suscipit,
1271 840 1318 875 vt
1349 833 1383 873 si
1416 833 1513 886 quis
1544 847 1623 888 pro
1654 833 1854 876 libertate

349 922 389 945 10
407 905 565 958 aliqua,
587 918 674 958 pro.
691 904 825 944 fundo
852 902 920 944 vel
946 916 1025 957 pro
1053 902 1189 950 firma,
1210 902 1278 943 vel
1307 916 1387 956 pro
1411 902 1609 943 custodia
1637 903 1852 957 cuiusque,

406 974 480 1027 qui
510 973 648 1014 minor
667 978 733 1014 est
763 973 902 1021 annis,
923 985 1057 1024 vsque
1078 971 1133 1012 ad
1155 984 1289 1012 annos
1308 970 1524 1024 legitimos
1553 970 1765 1022 habenda,
1785 972 1853 1013 vel

405 1056 484 1095 pro
524 1042 677 1095 quouis
717 1041 803 1083 alio
839 1041 957 1095 quod
999 1040 1055 1081 ad
1095 1054 1217 1081 suam
1262 1039 1495 1081 Vtilitatem
1535 1039 1604 1080 vel
1644 1040 1853 1082 honorem

405 1112 610 1152 accedere
649 1110 860 1158 videatur,
899 1115 1056 1162 sponte
1096 1108 1185 1162 regi
1236 1122 1271 1150 c.
1312 1107 1443 1149 libras
1482 1107 1551 1149 vel
1603 1121 1637 1150 c.
1689 1122 1853 1150 marcas

406 1179 571 1229 offerat,
601 1185 656 1229 et,
679 1179 940 1219 assentiente
971 1191 1083 1232 rege,
1111 1177 1257 1218 statim
1288 1182 1387 1230 post
1418 1177 1614 1219 oblatum
1646 1177 1853 1231 suscipiat

348 1263 385 1295 15
406 1254 620 1300 optatum.
681 1247 751 1287 De
787 1246 852 1287 his
892 1246 1032 1300 igitur,
1063 1246 1137 1299 qui
1169 1251 1324 1298 sponte
1359 1258 1405 1286 se
1440 1245 1650 1298 obligant,
1687 1252 1730 1287 et
1766 1247 1852 1300 qui,

406 1316 693 1357 conuentione
716 1329 813 1356 cum
835 1315 1030 1369 principe
1051 1314 1176 1364 facta,
1198 1313 1418 1366 possidere
1439 1314 1523 1354 iam
1553 1315 1754 1367 ceperint,
1779 1315 1852 1355 lex

406 1391 552 1426 nostra
587 1384 779 1425 decernit
803 1391 861 1432 vt,
889 1383 1097 1436 quamdiu
1126 1382 1337 1423 soluendo
1362 1381 1534 1433 fuerint,
1562 1382 1741 1423 indultis
1767 1384 1850 1424 sibi

405 1452 621 1494 beneficiis
656 1452 877 1506 gaudeant
910 1458 953 1492 et
989 1456 1178 1492 vtantur.
1239 1450 1370 1504 Quod
1400 1451 1435 1492 si
1467 1451 1521 1491 de
1552 1451 1662 1504 regis
1699 1451 1850 1492 debito

405 1520 658 1562 summoniti
685 1519 852 1561 soluere
883 1519 1101 1570 desierint,
1132 1519 1279 1560 statim
1311 1526 1486 1560 careant
1518 1519 1769 1573 impetratis,
1790 1520 1851 1561 sic

346 1609 387 1632 20
406 1596 553 1631 tamen
583 1596 631 1630 vt
659 1589 708 1639 si,
730 1594 931 1629 manente
961 1588 1188 1636 scaccario,
1214 1601 1343 1640 super
1373 1589 1527 1629 eodem
1555 1587 1850 1637 satisfecerint,

405 1658 551 1699 ablata
572 1657 718 1698 omnia
734 1658 825 1697 sine
847 1656 1044 1698 molestia
1066 1657 1147 1696 sibi
1169 1657 1463 1698 restituantur.
1525 1655 1585 1697 Et
1605 1663 1710 1697 nota
1730 1657 1848 1710 quod

403 1726 714 1779 qualiscunque
746 1737 942 1778 persona,
974 1724 1282 1777 cuiuscumque
1313 1724 1444 1765 etiam
1476 1724 1734 1766 conditionis
1775 1731 1851 1766 aut

403 1808 534 1835 sexus
560 1793 697 1843 fuerit,
718 1792 815 1834 huic
845 1793 1117 1850 observantie
1144 1793 1198 1834 de
1219 1798 1373 1845 sponte
1402 1792 1558 1834 oblatis
1579 1806 1751 1846 semper
1771 1794 1851 1835 erit

403 1863 607 1911 obnoxia,
630 1868 677 1903 vt
708 1861 871 1902 scilicet
901 1861 1229 1902 summonitioni
1255 1860 1492 1903 satisfaciat
1521 1861 1589 1902 vel
1618 1861 1850 1914 impetrato

345 1953 384 1984 25
403 1938 558 1980 careat,
580 1931 658 1971 nisi
681 1944 758 1971 rex
787 1930 878 1983 ipse
899 1930 1095 1983 obsequii
1122 1930 1291 1984 prestiti
1311 1928 1380 1971 vel
1407 1930 1673 1983 paupertatis
1694 1931 1850 1972 intuitu

403 1999 566 2053 aliquid
607 1999 688 2040 sibi
725 2005 868 2052 preter
904 2012 1183 2040 communem
1219 1997 1361 2052 legem
1399 1998 1633 2052 indulgeat,
1662 2000 1780 2042 velut
1815 2001 1850 2040 si

403 2069 458 2110 de
480 2068 723 2109 oblatorum
741 2067 892 2121 grandi
915 2081 1085 2108 summa
1106 2068 1161 2108 ad
1183 2066 1409 2120 quodlibet
1430 2068 1692 2108 scaccarium
1711 2070 1850 2110 modi-

403 2151 501 2177 cum
534 2137 637 2190 quid
668 2135 724 2177 ab
749 2137 842 2190 ipso
872 2136 981 2177 solui
1011 2136 1248 2178 constituat
1272 2142 1316 2178 et
1341 2136 1424 2177 hoc
1456 2150 1532 2189 per
1561 2137 1693 2178 breue
1723 2151 1849 2179 suum

402 2205 637 2247 baronibus
658 2205 910 2247 innotescat.

343 2257 386 2323 3ss
462 2275 513 2315 In
544 2287 664 2328 spem
693 2287 795 2314 vero
823 2274 1025 2316 dicuntur
1055 2272 1197 2315 offerri
1225 2287 1324 2314 cum
1352 2273 1460 2327 quis,
1487 2273 1732 2315 exhibende
1768 2275 1849 2316 sibi

404 2343 564 2384 iustitie
585 2356 724 2392 causa,
745 2356 873 2396 super
900 2343 1033 2384 fundo
1054 2343 1123 2384 vel
1144 2342 1313 2383 redditu
1335 2342 1495 2395 aliquo,
1517 2342 1607 2394 regi
1633 2356 1847 2384 summam

404 2411 591 2464 aliquam
620 2411 745 2452 offert
769 2424 778 2461 3
809 2425 895 2452 non
927 2417 1073 2452 tamen
1103 2416 1150 2451 vt
1181 2410 1268 2457 fiat,
1294 2423 1349 2451 ne
1374 2410 1418 2450 in
1449 2424 1526 2451 nos
1557 2412 1848 2473 excandescas

405 2485 449 2519 et
478 2478 675 2519 venalem
702 2493 832 2531 penes
861 2493 960 2520 eum
991 2479 1198 2520 iustitiam
1230 2479 1356 2529 dicat,
1381 2479 1516 2520 immo
1544 2485 1591 2520 vt
1619 2480 1710 2521 sine
1739 2481 1847 2522 dila-

403 2548 523 2588 tione
544 2547 633 2589 fiat.
694 2548 880 2589 Noueris
912 2555 1060 2590 tamen
1094 2561 1181 2588 non
1217 2561 1475 2600 quecunque
1506 2547 1566 2588 sic
1597 2548 1846 2600 offeruntur,

345 2628 385 2660 35
405 2627 430 2654 a
477 2614 673 2669 principe
712 2616 880 2669 suscipi,
931 2616 1101 2657 etiamsi
1142 2616 1321 2656 modum
1374 2616 1573 2657 videatur
1622 2618 1844 2659 excedere.

405 2682 550 2724 Gratis
579 2684 692 2724 enim
730 2684 990 2738 quibusdam
1029 2683 1190 2726 iustitie
1214 2684 1531 2739 plenitudinem
1563 2685 1744 2728 exhibet
1769 2686 1845 2727 ob-

450 2796 469 2831 7
496 2788 694 2824 offeruntur
710 2791 878 2826 Madox:
905 2790 1104 2827 offerentur
1120 2792 1180 2826 N:
1205 2802 1274 2826 om.
1291 2791 1327 2824 R
1440 2801 1481 2825 21
1509 2790 1648 2836 ablata]
1667 2791 1790 2827 oblata
1805 2792 1851 2826 N

402 2843 446 2878 27
471 2836 672 2871 oblatorum
689 2839 928 2883 scripsimus:
955 2839 1119 2875 oblatore
1135 2839 1212 2874 NR
1282 2837 1445 2883 quolibet
1462 2840 1498 2873 R
