2022 3281
119 187 138 220 1
158 179 199 221 vi
225 175 276 236 G]
606 179 693 221 DE
725 178 1086 222 SCACCARIO
1521 180 1573 233 85

120 298 187 334 est
209 293 340 346 igitur
355 292 421 333 vir
441 292 533 344 iste,
550 294 728 336 mutatis
744 294 872 335 rebus
889 293 1119 348 prosperis,
1135 292 1221 334 vite
1242 305 1319 334 sue
1336 292 1574 342 consulere,

119 367 163 402 et
194 361 296 402 licet
327 368 495 415 pateret
527 363 565 404 ei
597 377 696 404 cum
729 376 901 404 summo
932 362 1097 403 honore
1127 375 1326 403 accessus
1356 362 1411 403 ad
1445 375 1577 415 regna

120 429 321 482 plurima,
334 437 482 472 tamen
500 430 746 485 frequenter
761 438 940 473 vocatus
957 431 1013 473 ab
1032 430 1184 472 illustri
1201 443 1302 484 rege
1322 430 1574 484 Anglorum

122 498 327 549 Henrico,
368 513 468 540 cum
497 499 614 541 fama
649 501 832 542 veritate
863 501 958 554 ipsa
986 500 1126 540 minor
1161 505 1238 548 est,
1274 498 1483 553 preelegit
1519 499 1575 540 ad

119 563 264 606 natale
284 565 426 606 solum
445 572 489 607 et
509 567 822 608 successorium
840 580 890 608 ac
913 565 1175 620 singularem
1198 565 1426 606 dominum
1447 578 1575 617 suurn
1596 572 1613 604 5

119 631 340 672 accedere.
401 631 640 686 Susceptus
668 632 800 687 igitur
821 634 877 674 ab
907 632 1000 686 ipso
1026 632 1136 673 sicut
1162 637 1393 685 vtrumque
1415 631 1576 681 decuit,

120 697 224 751 quia
244 699 362 752 apud
386 697 582 740 Siculum
611 699 780 753 magnis
801 699 1059 748 intenderat,
1079 698 1149 740 hic
1174 698 1306 739 etiam
1332 697 1388 738 ad
1416 711 1577 750 magna

120 767 356 819 deputatur
376 767 579 808 scaccarii
600 767 785 821 negotia.
848 766 922 808 Sic
952 767 1085 820 igitur
1115 773 1158 807 et
1190 765 1332 807 locum
1364 772 1407 807 et
1438 766 1576 818 digni·
1596 773 1624 804 F

119 836 222 877 tatis
240 835 431 877 officium
448 836 636 889 adeptus
658 842 736 886 est,
753 836 809 877 ad
832 835 1024 889 quelibet
1042 835 1172 876 etiam
1194 834 1397 876 scaccarii
1420 848 1578 888 magna

121 904 294 957 negotia
320 917 420 944 cum
442 904 612 957 magnis
634 904 878 945 assumitur.
943 903 1015 946 Sic
1042 903 1177 945 habes
1202 903 1397 944 omnium
1422 903 1496 956 qui
1519 903 1575 944 ad
1599 920 1639 944 10

121 974 261 1014 maius
293 974 554 1014 scaccarium
586 987 643 1014 ex
666 973 809 1014 officio
835 972 1027 1014 resident
1058 973 1150 1013 iura
1180 971 1397 1013 distincta.
1461 970 1576 1012 Con-

120 1055 303 1094 sequens
335 1047 483 1082 autem
520 1047 586 1082 est
620 1041 662 1081 ni
693 1040 818 1083 fallor
847 1048 894 1082 vt
930 1054 1014 1093 que
1044 1041 1129 1081 sint
1160 1053 1312 1081 eorum
1340 1040 1579 1093 dignitates

121 1110 289 1151 ratione
314 1110 514 1151 sessionis
537 1109 592 1151 ad
613 1110 876 1151 scaccarium
898 1122 1222 1162 prosequamur.

180 1177 439 1230 Discipulus.
504 1178 646 1219 Immo
686 1178 722 1218 si
770 1177 916 1231 placet
957 1178 1010 1218 de
1055 1177 1197 1218 officio
1252 1176 1400 1217 militis
1445 1189 1577 1230 quem

121 1247 413 1300 argentarium
450 1246 568 1295 dicis,
601 1260 768 1288 necnon
803 1253 847 1287 et
883 1247 937 1287 de
973 1246 1127 1287 fusoris
1163 1245 1303 1287 officio
1344 1246 1577 1286 dicendum
1601 1264 1638 1297 15

122 1322 200 1357 est.
262 1315 377 1369 Quia
408 1328 507 1356 cum
539 1315 622 1356 sibi
652 1315 884 1357 videantur
914 1328 1094 1356 annexa
1121 1320 1166 1356 et
1197 1314 1253 1355 ad
1286 1314 1425 1356 maius
1458 1328 1578 1356 scac-

123 1384 283 1425 carium
305 1384 568 1436 pertinentia
588 1383 813 1437 hucusque
835 1383 972 1425 dilata
993 1389 1104 1424 sunt.

178 1452 411 1505 Magister.
473 1452 616 1494 Cerno
652 1453 772 1507 quod
809 1459 852 1494 te
888 1452 1204 1506 promissorum
1247 1450 1457 1492 memoria
1492 1463 1580 1492 non

123 1522 312 1576 preterit,
343 1536 400 1563 ex
430 1535 518 1575 quo
551 1535 651 1576 spes
687 1529 806 1564 certa
830 1522 1075 1576 concipitur
1103 1521 1222 1575 quod
1255 1526 1301 1561 te
1332 1520 1418 1561 iam
1453 1520 1581 1561 dictis

121 1605 206 1633 non
227 1591 447 1632 fraudabit
469 1591 646 1632 obliuio.
708 1590 955 1633 Credebam
977 1604 1082 1632 sane
1104 1591 1159 1632 de
1180 1589 1331 1631 officiis
1353 1589 1432 1630 tibi
1452 1589 1581 1630 fuisse
1602 1607 1643 1630 20

123 1659 392 1703 satisfactum
424 1660 527 1714 quia
562 1660 618 1701 de
649 1660 939 1702 residentibus
975 1660 1031 1701 ad
1062 1659 1327 1701 scaccarium
1359 1658 1580 1700 neminem

123 1730 483 1783 pretermiseram.
542 1728 619 1771 Set
640 1729 699 1770 hii
722 1730 777 1770 de
802 1729 961 1783 quibus
982 1741 1302 1771 commemoras
1326 1734 1465 1769 certas
1493 1740 1582 1769 non

124 1797 288 1839 habent
315 1798 396 1838 sibi
425 1797 658 1851 deputatas
682 1798 818 1848 sedes,
840 1798 976 1839 immo
1004 1811 1082 1850 pro
1110 1797 1295 1851 imperio
1320 1796 1581 1850 presidentis

124 1865 192 1907 vel
213 1865 470 1906 thesaurarii
493 1879 618 1906 suum
642 1865 822 1920 explent
843 1865 1045 1907 officium.

183 1934 318 1974 Porro
336 1934 458 1975 miles
479 1934 748 1987 argentarius
770 1934 826 1975 ab
847 1933 1047 1976 inferiore
1067 1933 1282 1975 scaccario
1303 1933 1360 1974 ad
1381 1932 1580 1986 superius
1602 1949 1639 1982 25

125 2002 263 2044 defert
285 2002 477 2044 loculum
500 2002 781 2043 examinandi
804 2002 972 2057 argenti
993 2002 1113 2044 cuius
1134 2016 1265 2056 supra
1287 2002 1580 2043 meminimus.

127 2070 273 2125 Quem
292 2084 390 2111 cum
404 2070 595 2112 intulerit
611 2071 829 2124 signatum
844 2070 984 2124 sigillo
996 2070 1275 2117 vicecomitis,
1292 2070 1374 2110 sub
1385 2069 1582 2111 omnium

125 2139 260 2181 oculis
295 2138 480 2180 effundit
511 2139 554 2179 in
585 2138 800 2180 scaccario
834 2139 955 2180 xliiii.
986 2137 1161 2188 solidos,
1192 2151 1303 2191 quos
1338 2138 1394 2179 de
1424 2150 1630 2182 acerqu

125 2214 326 2261 sumptos
346 2207 467 2261 prius
491 2209 756 2261 signauerat‚
777 2206 977 2260 factaque
1003 2206 1321 2249 commixtione
1342 2206 1581 2248 eorundem

124 2283 173 2318 vt
208 2277 389 2331 ponderi
422 2276 732 2329 respondeant,
756 2276 891 2317 mittit
927 2276 970 2316 in
1000 2289 1135 2316 vnum
1164 2275 1389 2317 vasculum
1419 2276 1582 2317 trutine
1600 2289 1643 2321 30

126 2344 280 2387 libram
310 2345 530 2399 ponderis,
559 2345 602 2385 in
634 2344 820 2386 alterum
856 2358 958 2386 vero
990 2345 1043 2385 de
1079 2343 1268 2385 denariis
1299 2343 1418 2396 quod
1455 2357 1583 2397 opor-

125 2415 269 2456 tuerit.
331 2414 434 2468 Quo
455 2414 569 2456 facto
593 2420 792 2455 numerat
818 2414 993 2455 eosdem
1019 2419 1066 2454 vt
1093 2427 1150 2454 ex
1179 2426 1363 2454 numero
1383 2419 1583 2454 constare

126 2483 264 2537 possit
285 2483 320 2524 si
344 2483 544 2537 legittimi
566 2482 769 2536 ponderis
788 2482 886 2524 sint.
938 2481 1243 2534 Cuiuscunque
1258 2494 1362 2522 vero
1378 2481 1584 2535 ponderis

128 2552 292 2593 inuenti
321 2552 479 2594 fuerint
506 2564 702 2594 seorsum
733 2551 868 2593 mittit
897 2551 938 2592 in
966 2550 1143 2603 ciphum
1167 2550 1319 2591 libram
1345 2563 1474 2591 vnam
1498 2549 1584 2592 hoc

128 2628 194 2662 est
214 2634 293 2662 xx.
313 2620 477 2662 solidos
500 2634 557 2662 ex
579 2620 739 2673 quibus
764 2632 951 2660 examen
984 2617 1073 2667 fiat,
1095 2617 1284 2671 reliquos
1308 2631 1411 2659 vero
1439 2617 1581 2658 xxiiii.
1601 2633 1642 2666 35

129 2687 293 2729 solidos
314 2688 448 2729 mittit
468 2687 512 2729 in
535 2687 739 2730 loculum.
802 2688 914 2729 Item
944 2687 1032 2728 duo
1060 2686 1224 2727 denarii
1253 2692 1398 2740 preter
1426 2685 1582 2727 libram

179 2808 193 2833 1
223 2798 380 2851 propriis
398 2799 430 2835 C
500 2809 524 2844 4
547 2800 649 2854 mino
665 2800 743 2853 NR
818 2800 838 2835 8
856 2799 1046 2845 posterius
1062 2804 1099 2834 et
1115 2809 1186 2835 om.
1207 2799 1238 2835 C
1306 2808 1328 2845 9
1348 2798 1502 2846 quilibet
1519 2800 1582 2835 N:

133 2846 294 2891 quahbet
312 2846 348 2881 R
444 2847 488 2884 16
505 2846 617 2893 Quia]
638 2848 710 2893 Qui
732 2847 763 2883 C
859 2855 900 2891 19
918 2845 970 2892 te]
991 2846 1037 2882 de
1059 2847 1090 2882 C
