2022 3281
133 173 152 206 1
173 164 248 207 xvi
269 161 322 221 A]
614 164 701 205 DE
734 162 1096 206 SCACCARIO
1503 174 1586 216 107

132 283 417 328 numeratam,
438 291 543 319 vasa
565 291 739 332 quoque
765 277 925 319 diuersi
945 277 1114 331 generis
1139 289 1270 319 aurea
1290 275 1360 318 vel
1381 283 1589 331 argentea

132 359 184 388 ac
227 346 588 388 vestimentorum
630 347 880 389 mutatoria.
941 346 1191 389 Secundum
1232 345 1345 386 hanc
1385 352 1588 399 accepta-

131 416 296 457 tionem
318 416 478 457 dicitur
499 418 508 436 ‘
523 415 614 457 Vbi
636 421 703 457 est
731 414 958 456 thesaurus
982 421 1084 457 tuus
1103 414 1162 456 ibi
1183 420 1249 456 est
1275 421 1318 456 et
1340 427 1414 456 cor
1434 411 1586 455 tuum.’

132 484 308 526 Dicitur
341 485 466 525 enim
498 483 854 526 thesauruslocus
880 484 924 524 in
956 498 1047 538 quo
1073 483 1313 538 reponitur,
1343 483 1459 524 vnde
1488 482 1582 524 the-

131 566 283 594 saurus
322 553 414 594 auri
457 553 603 604 thesis,
646 553 689 594 id
732 559 798 594 est
842 553 1014 607 positio,
1056 553 1333 605 nominatur3
1384 559 1431 593 vt
1472 565 1626 602 nunc5

129 621 368 675 incongrue
398 622 713 676 respondeatur
744 623 945 675 querenti
981 622 1036 662 de
1077 621 1275 675 quolibet
1305 621 1378 662 vbi
1407 621 1474 670 sit,
1505 621 1584 661 ‘In

128 689 334 732 thesauro
358 698 423 732 est
441 688 450 705 '
471 705 480 739 ;
510 690 592 732 hoc
619 697 684 732 est
705 691 777 732 vbi
801 691 1030 732 thesaurus
1052 691 1287 744 reponitur.
1341 690 1586 731 Numerata

127 759 304 813 quidem
337 760 536 813 pecunia,
566 759 634 800 vel
667 759 752 801 alia
785 760 993 813 predicta,
1025 758 1160 801 semel
1191 759 1235 800 in
1262 765 1361 801 tuto
1391 758 1488 800 loco
1520 773 1585 800 re-

127 829 273 881 posita
294 842 381 869 non
409 827 658 879 efferuntur,
680 828 758 869 nisi
788 842 888 870 cum
915 843 973 869 ex
999 829 1108 882 regis
1138 829 1346 870 mandato
1369 828 1413 869 in
1437 841 1584 869 neces-

127 897 262 938 sarios
283 911 385 938 vsus
407 897 709 938 distribuenda
731 897 817 938 sibi
836 898 1081 940 mittuntur.
1141 897 1307 939 Verum
1333 896 1457 951 plura
1482 903 1582 938 sunt
1606 913 1645 937 10

126 966 169 1006 in
198 966 465 1019 repositoriis
493 966 632 1007 archis
662 966 855 1008 thesauri
885 980 970 1019 que
995 965 1354 1008 circumferuntur
1378 972 1422 1007 et
1447 966 1582 1008 inclu-

125 1034 287 1076 duntur
322 1040 366 1076 et
401 1035 704 1076 custodiuntur
738 1049 763 1076 a
799 1034 1067 1076 thesaurario
1103 1040 1148 1076 et
1182 1035 1441 1088 camerariis,
1471 1035 1582 1077 sicut

126 1116 256 1157 supra
288 1104 457 1157 plenius
488 1110 713 1145 ostensum
745 1110 823 1152 est,
844 1103 994 1156 qualia
1025 1109 1125 1145 sunt
1156 1103 1349 1158 sigillum
1381 1104 1496 1158 regis
1526 1105 1581 1145 de

127 1185 215 1225 quo
242 1173 399 1226 queris,
419 1172 527 1214 liber
554 1172 812 1223 iudiciarius,
834 1172 1005 1214 rotulus
1031 1172 1105 1226 qui
1134 1173 1383 1215 exactorius
1405 1173 1575 1224 dicitur,

125 1255 257 1295 quem
271 1241 448 1295 quidem
464 1240 691 1282 nominant
707 1241 841 1282 breue
858 1241 913 1282 de
931 1240 1064 1282 firmis
1084 1258 1092 1282 ε
1115 1241 1219 1283 item
1237 1242 1383 1294 magni
1399 1242 1577 1283 annales
1602 1257 1640 1290 15

123 1316 426 1364 compotorum
476 1309 620 1361 rotuli,
670 1310 998 1364 priuilegiorum
1048 1323 1280 1351 numerosa
1332 1309 1580 1363 multitudo,

122 1385 394 1433 receptarum
429 1385 605 1424 recauta
640 1392 690 1420 ac
726 1378 855 1420 rotuli
892 1385 1166 1434 receptarum
1199 1392 1251 1420 ac
1286 1378 1437 1420 breuia
1467 1380 1580 1434 regis

121 1448 177 1489 de
198 1447 320 1489 exitu
342 1447 535 1488 thesauri
566 1454 609 1489 et
630 1447 838 1502 pleraque
861 1447 946 1490 alia
966 1461 1052 1502 que
1072 1449 1335 1490 consedente
1363 1449 1577 1490 scaccario

120 1517 347 1559 cotidianis
367 1517 515 1558 vsibus
537 1517 780 1559 necessaria
801 1523 913 1559 sunt.

176 1586 294 1628 Vsus
315 1585 445 1640 sigilli
470 1587 577 1640 regii
599 1586 739 1640 qualis
755 1600 849 1628 esse
870 1587 1043 1638 debeat,
1061 1601 1118 1628 ex
1135 1587 1354 1641 premissis
1376 1593 1574 1629 constare
1595 1568 1661 1640 {ov

119 1661 278 1710 potest.
341 1655 442 1697 Hoc
465 1655 580 1696 enim
604 1654 717 1702 facte
742 1655 1103 1699 summonitiones
1125 1663 1169 1698 et
1195 1656 1291 1707 alia,
1313 1656 1578 1710 pertinentia

118 1725 353 1767 dumtaxat
383 1725 439 1765 ad
471 1725 748 1776 scaccarium,
773 1725 888 1778 regis
915 1726 1125 1766 mandata
1156 1725 1395 1779 signantur.
1479 1726 1577 1767 Nec

118 1793 295 1835 effertur
314 1793 434 1846 alias,
455 1799 521 1834 set
542 1793 651 1835 sicut
671 1807 802 1848 supra
823 1793 989 1835 dictum
1012 1800 1077 1835 est
1101 1809 1128 1836 a
1148 1793 1406 1836 cancellario
1428 1802 1573 1836 custo-

116 1863 234 1904 ditur
275 1875 354 1915 per
392 1861 612 1905 vicarium.
688 1861 956 1916 Expressam
987 1868 1136 1903 autem
1166 1862 1300 1908 habet
1337 1863 1574 1916 imaginem

118 1938 164 1973 et
199 1931 523 1984 inscriptionem
559 1944 659 1972 cum
697 1930 1045 1972 deambulatorio
1076 1931 1194 1972 curie
1224 1931 1378 1985 sigillo,
1414 1938 1460 1973 vt
1493 1946 1572 1985 par
1594 1945 1632 1979 25

116 2006 404 2053 cognoscatur
434 1999 669 2052 vtrobique
694 1999 883 2043 iubentis
913 1999 1153 2041 auctoritas
1180 2005 1224 2041 et
1252 2013 1348 2042 reus
1377 2000 1575 2042 similiter

117 2068 334 2110 iudicetur
355 2082 436 2121 pro
460 2067 542 2109 hoc
567 2074 614 2108 vt
643 2081 722 2121 pro
751 2067 824 2109 illo
846 2068 920 2120 qui
949 2081 1073 2109 secus
1099 2068 1246 2123 egerit.

175 2137 309 2178 Porro
345 2136 454 2178 liber
486 2136 557 2177 ille
597 2137 653 2177 de
694 2149 782 2190 quo
824 2136 969 2190 queris
1005 2137 1133 2191 sigilli
1174 2137 1278 2191 regii
1318 2151 1465 2180 comes
1506 2146 1572 2181 est

113 2205 363 2247 indiuiduus
418 2205 462 2246 in
501 2205 717 2249 thesauro.
795 2205 940 2251 Huius
975 2205 1261 2248 institutionis
1296 2220 1474 2250 causam
1513 2210 1570 2250 ab

115 2275 307 2316 Henrico
328 2274 552 2327 quondam
573 2273 864 2316 Wintoniensi
891 2275 1097 2328 episcopo
1118 2275 1179 2316 sic
1200 2276 1364 2330 accepi,
1589 2304 1630 2335 30

171 2342 283 2385 Cum
300 2342 475 2396 insignis
498 2342 570 2383 ille
591 2342 795 2385 subactor
814 2343 990 2397 Anglie,
1012 2356 1090 2383 rex
1108 2342 1353 2385 Willelmus
1375 2344 1568 2386 eiusdem
1587 2338 1667 2378 XVi

112 2411 330 2465 pontificis
363 2411 575 2464 sanguine
606 2412 891 2465 propinquus,
921 2411 1145 2453 vlteriores
1177 2411 1318 2453 insule
1348 2412 1457 2455 fines
1489 2428 1568 2457 suo

112 2480 388 2534 subiugasset
418 2480 604 2534 imperio
640 2487 684 2522 et
715 2480 941 2522 rebellium
973 2486 1140 2522 mentes
1171 2481 1435 2524 terribilibus
1469 2497 1567 2537 per-

111 2549 352 2591 domuisset
393 2548 619 2604 exemplis‚
651 2563 705 2590 ne
741 2549 878 2591 libera
920 2551 974 2591 de
1011 2555 1156 2591 cetero
1196 2550 1374 2592 daretur
1413 2553 1566 2595 erroris

112 2616 306 2668 facultas,
329 2617 521 2660 decreuit
544 2618 787 2660 subiectum
808 2619 890 2659 sibi
922 2618 1135 2672 populum
1162 2618 1243 2660 iuri
1271 2620 1431 2674 scripto
1462 2621 1565 2677 legi·
1587 2637 1626 2670 35

111 2685 281 2740 busque
315 2686 522 2728 subicere.
583 2687 823 2742 Propositis
854 2687 984 2740 igitur
1013 2687 1183 2741 legibus
1212 2687 1469 2742 Anglicanis
1499 2704 1566 2733 se-

159 2793 180 2829 7
206 2786 269 2821 vbi
285 2797 355 2822 om.
371 2787 419 2822 N
501 2796 543 2832 17
569 2787 630 2834 ac]
649 2800 672 2823 a
687 2789 724 2824 R
816 2798 862 2824 20
886 2786 1020 2834 qualis]
1040 2788 1129 2834 quid
1148 2790 1180 2825 C
1287 2800 1330 2835 23
1356 2791 1449 2827 sicut
1466 2792 1564 2826 NR:

109 2832 284 2869 lacunam
303 2834 335 2870 C
396 2835 441 2871 26
457 2835 664 2882 vtrobique]
677 2835 866 2882 vtriusque
883 2837 914 2872 C
975 2844 1017 2880 27
1036 2835 1089 2882 vt]
1102 2843 1138 2873 et
1151 2837 1199 2872 N
1264 2839 1309 2883 36
1327 2838 1435 2884 igitur
1451 2850 1520 2875 om.
1531 2840 1568 2875 R
