2022 3281
123 177 140 211 1
161 168 203 210 vi
220 164 270 225 C]
604 167 690 210 DE
723 166 1085 211 SCACCARIO
1523 168 1576 225 83

121 281 331 323 Testibus
361 280 443 322 hiis
468 280 528 322 ibi
559 281 615 322 ad
645 278 932 324 scaccarium.'
995 281 1169 323 Horum
1200 285 1348 322 autem
1381 280 1577 322 omnium

121 350 319 392 breuium
360 350 569 404 rescripta
609 364 743 404 penes
784 351 1038 393 iamdictum
1079 350 1282 392 clericum
1323 349 1578 392 residebunt

120 418 165 460 in
194 419 492 460 testimonium
524 418 738 461 factorum
772 420 981 462 breuium.
1043 417 1287 473 Originalia
1312 418 1428 460 enim
1459 432 1578 461 com-

122 494 378 543 putatorum
399 487 469 529 vel
489 489 831 542 perdonatorum
845 489 995 531 breuia
1017 487 1164 531 forulis
1181 487 1438 538 marescalli,
1453 487 1575 530 factis

122 557 430 600 vicecomitum
453 559 684 612 compotis,
704 558 995 609 includuntur,
1010 559 1065 600 de
1085 564 1244 609 cetero,
1259 557 1337 598 nisi
1354 556 1574 599 contentio
1594 568 1613 602 5

120 627 177 668 de
198 627 260 668 eis
285 626 461 677 oriatur,
491 640 577 668 non
607 628 879 681 exponenda.
952 627 1086 681 Quod
1113 632 1261 670 autem
1288 626 1344 667 de
1371 625 1576 669 breuibus

121 695 234 748 regis
256 696 441 737 dicimus
471 695 803 750 intelligendum
827 702 892 739 est
912 696 1108 738 similiter
1129 696 1183 738 de
1211 694 1417 737 breuibus
1440 694 1576 748 presi-

120 763 264 805 dentis
291 763 512 805 iusticiarii
550 770 724 805 tantum
749 778 846 805 cum
872 778 951 806 rex
978 764 1135 807 absens
1157 771 1224 807 est
1257 769 1301 806 et
1326 776 1424 806 curn
1446 762 1575 818 sigilli

121 832 213 873 eius
235 832 519 885 impressione
547 833 639 874 iura
668 834 787 887 regni
808 840 1069 882 statuuntur,
1094 840 1138 875 et
1167 846 1294 875 cause
1323 833 1508 875 citantur
1528 837 1576 873 vt

120 900 470 942 condemnentur
503 900 571 941 vel
605 901 887 943 absoluantur
922 902 996 955 qui
1031 907 1244 943 vocantur
1284 902 1340 943 ad
1381 901 1636 949 curiam310

121 976 314 1011 ceterum
347 970 452 1010 dum
484 983 563 1010 rex
603 970 645 1010 in
677 983 810 1024 regno
839 970 1002 1024 Anglie
1031 969 1158 1011 fuerit
1188 970 1339 1012 breuia
1374 969 1576 1011 scaccarii

104 1038 299 1079 -nomine
338 1038 458 1091 regio
499 1037 603 1079 fient
643 1038 725 1079 sub
770 1038 965 1080 eiusdem
1007 1039 1270 1092 presidentis
1306 1045 1349 1080 et
1395 1038 1575 1081 alicuius

120 1105 297 1147 alterius
326 1106 475 1159 magni
503 1106 771 1148 testimonio.
823 1106 933 1161 Quis
961 1113 1109 1149 autem
1138 1108 1195 1149 sit
1221 1114 1348 1149 tenor
1374 1107 1574 1148 breuium

120 1175 292 1217 illorum
325 1188 409 1228 que
440 1175 801 1217 summonitiones
831 1176 1032 1217 dicuntur
1062 1175 1232 1230 plenius
1261 1175 1372 1217 infra
1405 1176 1575 1218 dicetur

119 1243 165 1284 in
189 1243 318 1285 titulo
340 1244 394 1284 de
415 1243 840 1285 summonitionibus.
1596 1255 1634 1288 15

173 1311 365 1354 Clericus
381 1312 623 1353 cancellarii
638 1312 712 1366 qui
727 1313 828 1354 huic
843 1312 1072 1366 proximus
1090 1311 1274 1361 est,licet
1290 1326 1378 1354 non
1393 1314 1573 1367 proprio
1593 1329 1621 1362 C

117 1381 194 1421 sed
223 1381 364 1422 alieno
393 1381 571 1422 nomine
602 1381 769 1432 militet,
799 1382 969 1435 magnis
999 1388 1148 1423 tamen
1184 1387 1423 1435 occupatur
1454 1388 1498 1423 et
1529 1381 1574 1425 in

120 1449 257 1491 multa
278 1449 546 1503 distrahitur,
566 1451 677 1492 adeo
698 1457 745 1492 vt
766 1450 822 1491 ab
843 1450 937 1504 ipso
959 1450 1080 1491 initio
1102 1456 1410 1504 compotorum
1432 1463 1574 1504 vsque

117 1518 172 1560 ad
197 1518 326 1559 finem
349 1518 449 1560 inde
465 1518 594 1560 auelli
616 1532 702 1560 non
722 1520 872 1572 possit,
895 1519 975 1560 nisi
993 1518 1105 1561 forte
1121 1519 1225 1561 dum
1248 1519 1331 1562 sibi
1353 1520 1574 1574 propitius

118 1593 186 1628 est
221 1588 457 1629 substituto
494 1587 668 1629 interim
708 1587 790 1629 sibi
831 1588 1021 1630 discreto
1061 1587 1233 1630 vicario.
1297 1587 1415 1629 Huic
1458 1587 1572 1630 enim
1594 1604 1634 1627 20

119 1656 260 1711 prima
281 1669 383 1698 cura
411 1662 477 1698 est
505 1663 605 1710 post
631 1656 949 1699 thesaurarium
974 1656 1017 1697 in
1047 1656 1128 1697 hiis
1157 1657 1358 1698 omnibus
1380 1670 1465 1711 que
1486 1657 1572 1699 illic

117 1733 338 1780 geruntur,
370 1724 560 1766 maxime
585 1731 734 1766 tamen
755 1725 870 1767 circa
895 1725 1139 1766 rotulorum
1161 1738 1211 1767 ac
1237 1724 1434 1767 breuium
1469 1726 1574 1767 scri-

116 1799 304 1847 pturam,
326 1794 368 1834 in
390 1794 474 1834 hiis
496 1793 608 1834 enim
632 1794 838 1847 precipue
856 1800 1078 1844 versatur3

204 1866 214 1885 ⁶
234 1863 350 1903 Nam
372 1875 425 1902 ne
447 1861 558 1902 forte
579 1862 642 1902 sui
663 1861 854 1903 calamus
875 1862 1096 1916 scriptoris
1117 1861 1290 1903 aberret

235 1930 446 1985 Prospicit
465 1931 536 1972 hic
561 1930 694 1972 alium
715 1931 908 1984 sequitur
929 1931 1034 1972 dum
1056 1931 1256 1985 passibus
1277 1929 1425 1984 equis.’
1592 1953 1631 1985 ²5

177 1999 291 2041 Item
326 2000 396 2042 hic
433 2000 624 2041 intuetur
655 1999 886 2054 diligenter
927 1999 1102 2042 alterius
1134 2000 1235 2041 anni
1266 2000 1456 2041 rotulum
1488 2000 1571 2042 sibi

116 2068 392 2124 propositum
415 2069 553 2110 donec
570 2082 596 2109 a
616 2068 870 2110 vicecomite
892 2068 1164 2111 satisfactum
1187 2067 1314 2110 fuerit
1337 2070 1392 2111 de
1414 2069 1570 2112 debitis

114 2136 196 2178 hiis
217 2149 302 2190 que
329 2136 414 2177 illic
442 2142 709 2178 annotantur
737 2143 781 2178 et
808 2138 864 2178 de
889 2137 1047 2190 quibus
1075 2145 1392 2179 summonetur.
1454 2137 1569 2180 Item

116 2206 332 2247 residente
364 2205 622 2247 vicecomite
651 2206 708 2246 ad
740 2212 1006 2260 compotum,
1039 2206 1302 2260 computatis
1336 2212 1379 2247 et
1409 2207 1570 2260 scripto

114 2275 337 2330 deputatis
365 2274 448 2316 hiis
473 2288 559 2328 que
588 2274 825 2316 constituta
854 2280 955 2315 sunt
980 2275 1025 2315 in
1054 2274 1277 2327 comitatu,
1297 2275 1429 2317 breue
1454 2290 1569 2317 sum·
1589 2296 1632 2330 30

114 2343 377 2394 monitionis,
401 2343 469 2385 cui
495 2343 607 2397 regis
628 2343 819 2396 sigillum
844 2356 1086 2398 appensum
1108 2349 1186 2394 est,
1208 2343 1390 2397 suscipit
1409 2358 1435 2386 a
1456 2344 1570 2385 vice-

115 2412 274 2453 comite
315 2418 359 2453 et
400 2413 456 2453 de
506 2412 587 2453 hiis
627 2411 784 2453 debitis
823 2425 910 2465 que
961 2412 1046 2454 illic
1092 2412 1254 2465 scripta
1302 2418 1405 2454 sunt
1444 2420 1570 2468 vrget

113 2480 411 2522 vicecomitem
433 2481 725 2534 pronuncians
747 2481 790 2520 in
819 2480 1041 2534 publicum
1062 2487 1105 2522 et
1131 2480 1291 2530 dicens,
1313 2481 1494 2523 ‘Redde
1514 2483 1570 2523 de

114 2547 198 2589 hoc
220 2554 395 2590 tantum
417 2556 460 2590 et
482 2549 536 2590 de
558 2548 632 2589 illo
653 2547 853 2590 tantum.’
915 2548 1078 2590 Debita
1102 2562 1204 2590 vero
1231 2562 1318 2602 que
1341 2549 1570 2593 soluuntur

115 2614 159 2656 in
201 2616 418 2670 integrum
454 2623 498 2658 et
528 2617 584 2658 de
615 2616 771 2670 quibus
802 2616 969 2666 satisfit,
1000 2616 1209 2658 cancellet
1239 2617 1354 2659 idem
1391 2619 1567 2662 clericus
1586 2640 1626 2673 35

115 2683 230 2725 linea
250 2685 381 2725 ducta
403 2698 480 2738 per
502 2685 770 2738 medium,vt
791 2686 847 2727 sit
869 2685 1091 2727 distinctio
1108 2699 1186 2740 per
1201 2686 1285 2728 hoc
1306 2687 1440 2730 etiam
1457 2690 1568 2731 inter

166 2791 207 2816 12
232 2781 321 2817 fiunt
341 2783 372 2818 C
442 2791 483 2826 17
501 2790 537 2819 et
554 2795 623 2819 om.
639 2785 675 2818 R
749 2793 862 2828 19-20
879 2795 980 2830 prop.
995 2790 1050 2820 est
1068 2795 1137 2819 om.
1153 2784 1201 2819 N
1206 2787 1277 2831 per
1294 2787 1361 2822 lac.
1427 2797 1471 2822 20
1497 2788 1565 2823 sibi

115 2828 262 2865 interim
279 2829 355 2865 NR
429 2830 602 2867 discretio
618 2832 679 2867 N:
707 2831 858 2867 decreto
875 2832 912 2867 R
981 2841 1029 2877 30
1048 2830 1134 2878 que]
1153 2832 1213 2878 qui
1230 2833 1276 2869 N
1343 2834 1442 2880 sunt]
1462 2842 1518 2872 est
1538 2836 1569 2872 C
