2022 3281
112 177 131 212 1
152 171 198 212 xi
221 167 274 226 A]
601 166 688 211 DE
721 168 1079 213 SCACCARIO
1487 184 1564 213 101

115 284 390 327 manifestum
424 290 500 334 est,
527 284 751 338 presertim
784 297 881 325 cum
912 283 972 324 sic
1004 283 1144 325 modis
1174 283 1388 334 omnibus,
1410 290 1457 326 vt
1488 285 1569 326 sibi

116 354 404 405 consulerent,
424 354 480 395 de
506 361 651 396 cetero
676 354 852 395 studere
875 359 1125 395 tenerentur
1145 353 1317 395 deuotis
1345 354 1567 407 obsequiis

115 423 394 464 dominorum
423 437 600 464 suorum
629 423 814 476 gratiam
845 422 1062 464 emercari.
1126 421 1199 464 Sic
1220 421 1352 475 igitur
1372 423 1568 476 quisquis

114 491 171 533 de
210 498 341 545 gente
376 492 557 534 subacta
593 490 751 533 fundos
785 490 855 532 vel
890 490 1055 544 aliquid
1085 490 1331 532 huiusmodi
1363 492 1569 545 possidet,

117 573 205 602 non
226 561 344 613 quod
368 561 534 602 ratione
555 560 837 602 successionis
858 559 1006 601 deberi
1030 559 1109 601 sibi
1130 560 1361 602 videbatur
1380 562 1568 615 adeptus
1589 576 1607 608 5

118 635 198 680 est,
223 636 290 671 set
311 631 431 682 quod
449 630 738 680 solummodo,
755 629 921 671 meritis
937 629 1024 670 suis
1041 629 1318 683 exigentibus
1335 629 1404 670 vel
1423 629 1570 684 aliqua

116 698 318 752 pactione
341 699 667 749 interueniente,
687 698 892 739 obtinuit.

173 767 432 821 Dz'scipnlus.
495 766 614 821 Quid
637 767 693 809 sit
714 767 956 808 centuriata
976 767 1043 808 vel
1060 767 1334 809 hundredum
1358 781 1445 809 non
1467 768 1570 810 satis

110 836 228 878 noui.

172 905 402 958 Magister.
465 904 640 947 Sustine
669 904 902 952 modicum,
925 904 1033 945 scies
1058 909 1213 958 postea
1242 903 1338 946 loco
1363 919 1442 947 suo
1467 902 1568 962 [hoc
1589 921 1629 945 10

115 981 181 1015 est
218 974 260 1014 in
296 974 426 1016 titulo
461 974 517 1015 de
550 973 663 1014 libro
692 971 946 1025 iudiciario}
1008 973 1136 1014 Nunc
1166 985 1481 1027 prosequamur
1514 975 1569 1016 de

114 1043 360 1097 danegeldo
377 1050 433 1091 et,
449 1048 497 1084 vt
518 1043 628 1083 ratio
644 1042 828 1083 nominis
845 1041 921 1082 tibi
939 1048 1123 1090 constet,
1137 1041 1358 1095 paulisper
1373 1044 1569 1086 aduerte.

287 1111 462 1153 ‘Insula
483 1116 632 1152 nostra
653 1110 739 1152 suis
765 1116 972 1151 contenta
998 1110 1136 1158 bonis,
1159 1112 1396 1163 peregrinis

314 1178 418 1219 Non
445 1184 556 1231 eget,
576 1177 689 1217 hanc
714 1176 843 1230 igitur
865 1176 1017 1217 merito
1042 1176 1195 1216 dixere
1217 1176 1381 1228 priores

313 1246 578 1299 Diuitiisque
597 1245 738 1286 sinum
761 1244 1009 1298 deliciisque
1029 1244 1192 1287 larem.'
1591 1266 1628 1298 15

115 1315 295 1369 Propter
327 1316 411 1357 hoc
442 1316 691 1356 innumeras
722 1315 779 1355 ab
812 1316 976 1356 exteris
1004 1315 1176 1357 iniurias
1208 1331 1336 1370 passa
1367 1324 1445 1366 est,
1467 1317 1569 1371 quia

112 1385 322 1437 scriptum
344 1390 409 1426 est
431 1390 440 1406 ‘
459 1384 618 1424 Furem
640 1384 829 1436 pretiosa
851 1384 1023 1437 signata
1039 1385 1297 1428 sollicitant?
1376 1387 1568 1429 Circum-

111 1453 343 1495 iacentium
371 1453 486 1494 enim
509 1451 747 1494 insularum
777 1454 1006 1506 predones,
1028 1454 1267 1509 irruptione
1291 1456 1417 1507 facta,
1439 1456 1568 1497 mari-

109 1522 218 1564 tima
257 1522 589 1576 depopulante3‚
617 1536 788 1572 aurum,
818 1530 1048 1576 argentum
1085 1530 1129 1566 et
1169 1538 1342 1579 queque
1377 1526 1569 1579 pretiosa

109 1591 336 1634 tollebant.
396 1592 562 1634 Verum
584 1605 682 1633 cum
709 1606 788 1633 rex
809 1598 852 1633 et
876 1592 1077 1647 indigene
1098 1594 1263 1636 bellicis
1284 1594 1568 1649 apparatibus
1590 1610 1629 1632 20

110 1661 306 1703 instructi
342 1661 384 1702 in
419 1674 496 1702 sue
527 1660 669 1715 gentis
705 1661 1002 1702 defensionem
1041 1662 1267 1714 instarent,
1298 1663 1358 1704 illi
1390 1664 1539 1718 ‘fugas
1559 1662 1568 1680 '

110 1730 477 1784 aggrediebantur
498 1735 507 1752 ‘
522 1728 762 1783 equoreas)
813 1731 933 1772 Inter
953 1730 1034 1773 hos
1053 1732 1201 1785 itaque
1221 1747 1332 1786 pene
1353 1733 1568 1787 precipua,

110 1805 154 1840 et
175 1812 347 1853 semper
367 1799 541 1852 pronior
561 1799 618 1840 ad
638 1800 900 1849 nocendum,
921 1806 1011 1841 erat
1032 1800 1236 1843 bellicosa
1259 1802 1333 1842 illa
1358 1808 1402 1842 et
1427 1815 1568 1856 popu-

108 1867 203 1908 losa
225 1881 331 1920 gens
354 1868 588 1917 Dacorum,
609 1868 684 1921 qui
706 1874 852 1920 preter
878 1882 1158 1910 communem
1180 1876 1406 1923 raptorum
1428 1870 1568 1911 auari-

111 1936 219 1976 tiam
241 1936 379 1976 acrius
409 1936 642 1986 instabant,
663 1936 766 1988 quia
795 1935 961 1989 aliquid
993 1938 1075 1978 sibi
1106 1938 1162 1979 de
1192 1939 1373 1992 antiquo
1405 1938 1495 1979 iure
1525 1938 1567 1979 in
1590 1951 1628 1985 25

111 2004 306 2045 eiusdem
348 2005 468 2057 regni
510 2005 807 2046 dominatione
847 2006 1152 2056 vendicabant,
1188 2007 1299 2048 sicut
1337 2007 1566 2048 Britonum

109 2072 277 2126 plenius
299 2080 443 2114 narrat
464 2073 655 2115 historia.
714 2073 791 2114 Ad
822 2073 902 2115 hos
934 2074 1064 2127 igitur
1094 2076 1304 2116 arcendos
1335 2090 1362 2117 a
1393 2076 1568 2129 regibus

110 2140 311 2196 Anglicis
333 2148 546 2183 statutum
565 2148 631 2183 est
647 2148 694 2184 vt
711 2143 766 2183 de
782 2142 964 2195 singulis
984 2142 1098 2184 hidis
1119 2144 1251 2197 regni,
1268 2144 1358 2185 iure
1374 2145 1566 2198 quodam

109 2217 334 2264 perpetuo,
365 2212 453 2253 duo
484 2211 608 2253 solidi
639 2211 834 2266 argentei
865 2211 1138 2253 soluerentur
1167 2213 1209 2253 in
1240 2227 1343 2255 vsus
1374 2213 1565 2255 virorum

107 2278 295 2330 fortium,
326 2280 399 2333 qui
431 2279 745 2334 perlustrantes
781 2287 826 2322 et
856 2280 1012 2334 iugiter
1046 2282 1317 2323 excubantes
1350 2282 1566 2324 maritima
1587 2294 1628 2327 30

107 2347 318 2402 impetum
359 2349 550 2391 hostium
591 2349 889 2403 reprimerent.
951 2349 1066 2403 Quia
1101 2350 1232 2404 igitur
1272 2351 1566 2404 principaliter

108 2432 188 2472 pro
205 2418 337 2460 Dacis
359 2419 586 2460 institutus
603 2426 668 2460 est
685 2418 754 2460 hic
776 2419 985 2471 redditus,
1003 2419 1311 2473 Danegeldum
1327 2420 1395 2461 vel
1417 2421 1565 2461 Dane-

107 2487 261 2541 geldus
283 2488 452 2530 dicitur.
515 2488 602 2529 Hic
624 2488 757 2541 igitur
777 2501 920 2528 annua
943 2488 1049 2541 lege,
1067 2488 1178 2530 sicut
1199 2489 1365 2531 dictum
1387 2495 1463 2540 est,
1485 2491 1565 2532 sub

107 2556 322 2609 indigenis
336 2556 507 2610 regibus
523 2556 775 2598 soluebatur
789 2570 926 2610 vsque
943 2558 999 2598 ad
1016 2564 1212 2610 tempora
1227 2559 1340 2612 regis
1356 2558 1565 2600 Willelmi

108 2625 236 2678 primi
268 2625 322 2665 de
352 2632 484 2679 gente
514 2632 556 2667 et
587 2639 745 2680 genere
778 2626 1146 2667 Normannorum.
1230 2627 1333 2682 Ipso
1373 2641 1564 2682 namque
1585 2639 1626 2673 35

1587 1096 1633 1133 xi

1587 1152 1618 1180 A

157 2759 201 2785 10
225 2747 311 2794 hoc]
330 2751 387 2785 vel
402 2751 439 2785 R
586 2761 600 2787 1
611 2760 624 2787 1
654 2762 719 2787 suo
729 2753 819 2797 post
833 2750 927 2785 libro
944 2751 1029 2787 add.
1049 2751 1081 2786 C
1089 2761 1098 2786 ε
1125 2752 1327 2797 sedpostea
1344 2752 1567 2788 cancellauit

107 2806 151 2842 23
177 2797 226 2832 ad
243 2797 450 2833 nocendum
468 2798 617 2843 pronior
636 2800 667 2834 C
805 2806 848 2841 27
874 2799 945 2833 hoc
961 2798 996 2834 R
1149 2807 1190 2844 35
1209 2799 1262 2846 et]
1281 2799 1318 2835 in
1335 2801 1371 2836 R
1385 2801 1452 2836 sed
1462 2811 1563 2836 corr-

105 2847 185 2881 exit
269 2846 358 2890 post
381 2851 417 2880 et
433 2846 517 2880 add.
536 2846 583 2882 de
603 2847 634 2882 C
