2022 3281
363 166 418 210 74
846 155 933 197 DE
966 151 1323 196 SCACCARIO
1681 154 1719 209 [1
1740 168 1767 195 v
1789 163 1806 195 1

360 284 496 324 penes
525 284 571 312 se
593 269 804 318 habuerit,
827 268 1033 309 liberatus
1061 280 1149 307 non
1180 266 1271 315 erit,
1293 272 1358 307 set
1389 280 1561 321 semper
1581 280 1806 309 summon-

362 339 511 380 endus.

415 407 674 460 Discipnlus.
737 406 797 447 Et
818 405 897 447 hec
913 403 1152 446 necessaria
1168 403 1260 444 visa
1281 408 1394 444 sunt.
1447 403 1526 446 Set
1546 418 1807 458 prosequere

361 477 396 518 si
417 477 562 530 placet
584 477 637 517 de
659 475 820 515 officiis.

320 561 338 594 5
416 545 648 598 Magister.
711 544 853 582 Immo
899 541 1001 593 quia
1040 541 1095 581 de
1136 539 1261 581 taleis
1306 541 1572 582 mentionem
1614 540 1807 591 fecimus,

358 627 447 667 quo
479 613 629 653 ordine
658 610 849 651 taleandi
876 611 987 650 ratio
1019 609 1228 650 consistat
1258 609 1408 661 paucis
1436 610 1624 651 aduerte.
1677 610 1808 651 Tale—

357 695 481 722 arum
504 681 635 734 igitur
655 679 741 719 alia
770 684 834 719 est
856 692 941 731 que
968 677 1215 731 simpliciter
1244 677 1360 719 talea
1385 677 1551 728 dicitur,
1573 679 1655 719 alia
1676 692 1807 731 quam

358 749 684 790 memorandam
707 760 1022 801 nuncupamus,
1069 747 1307 800 Legittime
1323 760 1426 788 vero
1447 747 1560 788 talee
1582 747 1808 799 longitudo

358 832 383 858 a
423 817 676 859 summitate
707 816 857 857 indicis
888 816 944 857 ad
985 816 1282 857 summitatem
1322 815 1489 856 extenti
1524 815 1688 868 pollicis
1729 823 1807 857 est.

299 902 339 925 10
359 886 452 927 Illic
473 886 644 928 terebro
666 885 839 926 modico
870 884 1127 937 perforatur.
1189 884 1478 925 Memoranda
1505 899 1621 937 vero,
1643 898 1728 937 que
1753 885 1810 924 de

358 955 482 996 firma
502 954 658 996 blanca
674 968 846 1008 semper
866 953 956 995 fieri
982 953 1105 1004 solet,
1125 952 1257 1007 paulo
1279 953 1451 994 breuior
1473 960 1539 994 est
1560 954 1673 1006 quia,
1692 952 1808 994 facto

306 1033 339 1064 K
358 1025 495 1067 essaio
526 1037 604 1078 per
628 1023 747 1076 quod
772 1022 896 1063 firma
922 1021 1161 1071 dealbatur,
1181 1022 1321 1075 prima
1346 1022 1419 1063 illa
1443 1022 1726 1075 confringitur
1754 1029 1809 1073 et,

357 1093 559 1147 apposita
599 1092 680 1133 sibi
711 1092 826 1133 talea
857 1091 1182 1140 combustionis,
1213 1091 1326 1132 talee
1357 1090 1672 1144 longitudinem
1706 1097 1809 1132 tunc

356 1163 500 1216 primo
523 1167 722 1202 meretur.
784 1160 884 1201 Hac
906 1167 1053 1201 autern
1076 1160 1240 1201 ratione
1262 1159 1310 1200 fit
1338 1160 1501 1201 incisio.
1562 1160 1614 1200 In
1636 1173 1808 1201 summo

299 1244 337 1277 15
357 1236 530 1285 ponunt
558 1243 614 1270 m.
637 1229 678 1271 li.
699 1229 758 1270 sic
783 1234 831 1270 vt
860 1229 1011 1269 incisio
1043 1229 1135 1268 eius
1166 1228 1454 1281 spissitudinis
1484 1229 1628 1282 palme
1664 1242 1809 1281 capax

356 1300 428 1351 sit,
449 1313 483 1340 c.
506 1298 547 1340 li.
567 1304 614 1339 vt
636 1298 805 1351 pollicis
830 1312 908 1337 xx.
929 1297 972 1337 li.
1000 1303 1047 1337 vt
1080 1297 1345 1346 auricularis,
1366 1297 1475 1337 libre
1503 1297 1627 1338 Vnius
1658 1297 1808 1337 incisio

357 1367 481 1421 quasi
516 1367 637 1420 grani
668 1367 789 1407 ordei
826 1366 1046 1416 tumentis,
1082 1365 1209 1406 solidi
1244 1379 1344 1406 vero
1383 1366 1534 1414 minus,
1571 1367 1631 1406 sic
1662 1371 1810 1406 tamen

357 1444 404 1478 vt
427 1450 483 1477 ex
515 1435 878 1477 conscissionibus
906 1434 1002 1475 loco
1028 1439 1216 1475 vacuato
1244 1434 1442 1475 modicus
1465 1434 1523 1474 ibi
1553 1434 1697 1475 sulcus
1720 1433 1809 1475 fiat.

359 1504 576 1545 Denarius
608 1503 722 1545 facta
753 1503 959 1544 incisione
995 1501 1115 1542 nullo
1146 1503 1326 1555 dempto
1357 1502 1565 1556 signatur.
1625 1503 1699 1542 Ex
1722 1516 1809 1555 qua

299 1589 339 1611 20
358 1586 461 1614 vero
484 1579 607 1625 parte
637 1571 901 1612 millenarius
926 1571 1128 1612 inciditur
1156 1570 1290 1611 alium
1311 1585 1396 1611 non
1426 1585 1560 1624 pones
1581 1584 1809 1612 numerum

358 1641 438 1682 nisi
481 1641 590 1682 forte
631 1641 818 1684 mediam
859 1640 949 1681 eius
988 1646 1158 1693 partem
1200 1640 1261 1681 sic
1300 1646 1347 1680 vt
1388 1641 1578 1680 mediam
1614 1639 1810 1680 similiter

358 1710 575 1751 incisionis
598 1710 689 1750 eius
714 1716 883 1762 partem
910 1708 1061 1748 demas
1089 1714 1133 1749 et
1161 1708 1271 1749 infra
1296 1709 1547 1749 constituas.
1610 1708 1681 1749 Sic
1705 1708 1753 1749 fit
1776 1709 1810 1749 si

357 1792 391 1820 c.
414 1779 457 1818 li.
485 1778 695 1818 incisurus
722 1792 768 1818 es
795 1783 838 1818 et
864 1791 949 1818 non
976 1778 1032 1818 sit
1055 1777 1113 1817 ibi
1137 1776 1402 1817 millenarius
1422 1790 1431 1826 ;
1462 1777 1591 1818 facies
1611 1777 1669 1818 sic
1691 1784 1733 1818 et
1756 1778 1810 1817 de

358 1861 436 1888 xx.
466 1848 537 1898 li.;
570 1848 630 1888 sic
659 1854 703 1888 et
732 1848 787 1887 de
818 1861 898 1887 xx.
925 1846 1074 1887 solidis
1102 1860 1214 1899 quos
1240 1846 1392 1886 libram
1418 1846 1615 1887 dicimus.
1677 1845 1809 1899 Quod

299 1931 337 1962 25
358 1917 392 1957 si
415 1916 540 1956 multi
573 1915 798 1956 millenarii
826 1915 893 1956 vel
925 1915 1163 1956 centenarii
1190 1915 1259 1955 vel
1290 1916 1447 1968 vigene
1472 1914 1678 1956 librarum
1706 1916 1811 1956 inci-

358 1985 500 2026 dende
541 1991 643 2025 sunt
680 1984 753 2025 lex
789 1985 941 2025 eadem
977 1990 1185 2033 seruetur,
1224 1989 1271 2024 vt
1308 1997 1365 2024 ex
1402 1984 1648 2036 patentiore
1683 1990 1810 2037 parte

359 2055 552 2096 eiusdem
585 2054 708 2102 talee‚
739 2053 824 2095 hoc
865 2061 931 2095 est
970 2067 1057 2106 que
1092 2054 1257 2095 directe
1288 2053 1365 2094 tibi
1401 2054 1658 2107 proponitur
1694 2053 1809 2095 facta

357 2122 651 2172 annotatione,
670 2123 806 2163 maior
827 2135 1042 2173 numerus,
1059 2135 1116 2162 ex
1138 2121 1276 2163 altera
1296 2135 1399 2162 vero
1422 2122 1562 2162 minor
1583 2122 1810 2163 incidatur.

359 2191 432 2232 Ex
467 2191 713 2245 patentiore
753 2204 853 2231 vero
890 2198 1015 2243 parte
1055 2204 1226 2244 semper
1259 2197 1326 2231 est
1359 2191 1494 2230 maior
1528 2203 1731 2230 numerus
1768 2191 1811 2231 in

300 2278 340 2309 30
358 2273 543 2310 summo,
565 2273 622 2300 ex
650 2260 791 2300 minus
818 2265 996 2312 patente
1024 2272 1195 2312 semper
1223 2259 1363 2299 minor
1387 2256 1488 2314 [hoc
1518 2265 1582 2298 est
1613 2256 1810 2314 denarii]⁸

359 2329 509 2369 Marce
544 2328 711 2381 argenti
740 2329 796 2368 ad
826 2328 1087 2369 scaccarium
1114 2327 1264 2368 incisio
1293 2327 1385 2368 sola
1413 2326 1698 2379 significatiua
1724 2341 1810 2368 non

359 2404 436 2445 est,
457 2404 522 2438 set
544 2410 621 2450 per
642 2396 804 2437 solidos
831 2396 1094 2449 designatur.
1155 2395 1353 2436 Marcam
1374 2402 1521 2436 autem
1543 2395 1632 2435 auri
1654 2395 1697 2435 in
1721 2409 1810 2436 me-

359 2466 431 2506 dio
459 2465 572 2506 talee
600 2466 710 2506 sicut
741 2465 891 2506 libram
924 2478 1055 2506 unam
1085 2463 1260 2506 incidas.
1307 2463 1504 2504 Aureum
1537 2477 1639 2503 vero
1674 2478 1810 2505 vnum

359 2546 446 2573 non
472 2546 644 2586 prorsus
669 2540 716 2574 vt
738 2540 994 2586 argenteum
1022 2538 1088 2573 set
1118 2533 1251 2574 ducto
1282 2532 1442 2573 directe
1470 2532 1696 2573 incidentis
1721 2533 1810 2574 cul-

410 2625 424 2650 1
446 2627 562 2660 penas
580 2618 614 2651 R
676 2626 696 2663 7
715 2617 868 2663 simplex
889 2618 919 2652 C
964 2627 986 2661 9
1000 2628 1116 2663 vsque
1129 2617 1234 2651 adN
1282 2616 1431 2651 11facta
1448 2617 1479 2651 C
1543 2626 1584 2658 14
1604 2618 1646 2651 In
1666 2628 1810 2652 summo

360 2673 430 2697 om.
448 2664 483 2696 R
587 2672 638 2707 15,
660 2665 702 2698 16
726 2665 779 2699 sic
793 2691 800 2699 .
817 2691 826 2699 .
842 2690 850 2698 .
862 2677 918 2699 xx.
936 2664 970 2698 li.
992 2665 1023 2699 C
1037 2674 1157 2709 marg.
1259 2671 1298 2707 15
1329 2662 1395 2707 [sic
1416 2670 1454 2698 vt
1471 2662 1587 2707 ineis]
1606 2663 1674 2697 llas
1691 2666 1810 2709 apices

361 2720 429 2743 om.
449 2709 479 2744 C
543 2709 627 2753 [inis
646 2710 718 2755 pal]
738 2712 807 2745 lzas
824 2713 944 2756 apices
961 2722 1030 2746 om.
1052 2712 1083 2746 C
1168 2711 1209 2745 16
1231 2709 1275 2754 [c.
1294 2709 1329 2744 li.
1348 2717 1385 2744 vt
1402 2709 1453 2754 p.]
1472 2711 1541 2744 [τας
1557 2712 1676 2755 apices
1693 2723 1760 2746 om.
1783 2712 1814 2746 C

363 2765 406 2792 22
422 2755 461 2790 fit
478 2766 547 2791 om.
561 2757 638 2792 NR
694 2767 738 2801 24
757 2758 921 2793 decimus
939 2759 974 2792 R
1038 2758 1083 2793 26
1100 2763 1268 2792 seruatur
1284 2757 1314 2791 C
1375 2765 1417 2799 27
1437 2757 1497 2801 qui
1514 2757 1545 2792 C
1582 2757 1650 2791 sibi
1668 2758 1716 2792 N
1766 2767 1810 2802 29

362 2809 401 2839 vt
419 2802 627 2847 potentiore
640 2804 686 2839 N
753 2812 808 2840 est
826 2816 894 2840 om.
913 2805 961 2840 N
1029 2814 1070 2850 31
1084 2807 1173 2849 post
1187 2805 1315 2839 Marce
1326 2803 1409 2838 add.
1427 2815 1512 2839 vero
1529 2804 1566 2848 C,
1580 2804 1646 2839 sed
1650 2804 1809 2840 deletum
