2022 3281
111 194 246 227 CAPP.
268 194 360 226 Lm.
382 182 441 242 11]
594 185 682 227 DE
714 185 1079 229 SCACCARIO
1484 200 1563 242 109

111 313 169 342 ex
186 299 473 353 paucioribus,
491 299 603 341 hidis
620 306 804 342 constat.
865 300 983 342 Hinc
996 299 1272 341 hundredum
1288 299 1331 340 in
1347 300 1568 342 veteribus

111 381 263 423 regum
305 368 595 422 Anglicorum
636 369 873 423 priuilegiis
909 369 1193 410 centuriatam
1234 369 1446 410 nominari
1486 370 1567 410 fre-

112 444 295 490 quenter
326 437 535 480 inuenies.
595 438 840 480 Comitatus
873 445 1021 480 autem
1053 438 1205 479 eadem
1237 437 1336 492 lege
1372 451 1430 478 ex
1460 437 1569 478 hun-

111 505 256 548 dredis
287 514 515 557 constant3
556 508 640 549 hoc
673 514 738 549 est
771 508 949 561 quidam
981 521 1038 548 ex
1068 506 1264 560 pluribus
1296 507 1477 560 quidam
1513 521 1569 547 ex

112 576 402 629 paucioribus,
443 577 683 618 secundum
724 577 843 630 quod
890 576 1031 617 diuisa
1072 581 1137 616 est
1185 582 1300 617 terra
1343 589 1422 628 per
1456 575 1606 624 viros5

111 644 333 687 discretos.
393 645 640 687 Comitatus
671 646 800 700 igitur
830 659 855 686 a
887 645 1044 686 comite
1075 645 1245 695 dicitur,
1265 643 1335 686 vel
1366 658 1510 686 comes
1545 658 1570 685 a

113 714 337 755 comitatu.
399 713 558 756 Comes
584 721 730 755 autem
754 721 818 755 est
847 714 919 767 qui
947 714 1120 755 tertiam
1142 713 1390 767 portionem
1420 726 1569 754 eorum

112 795 199 835 que
229 782 284 824 de
320 783 493 838 placitis
527 784 786 838 proueniunt
828 784 871 823 in
902 783 1115 824 comitatu
1147 781 1342 836 quolibet
1372 782 1570 835 percipit.

116 850 300 893 Summa
331 866 520 906 namque
551 853 634 904 illa,
656 866 741 906 que
772 852 950 892 nomine
982 851 1106 893 firme
1141 851 1372 904 requiritur
1402 865 1429 892 a
1457 851 1571 892 vice-

113 920 285 971 comite,
322 927 416 962 tota
454 936 541 962 non
574 922 748 975 exurgit
783 935 840 962 ex
870 921 1103 962 fundorum
1138 920 1381 962 redditibus
1416 926 1482 961 set
1515 933 1572 960 ex
1595 937 1633 958 10

116 1001 277 1043 magna
298 995 422 1043 parte
452 991 506 1031 de
527 990 696 1043 placitis
722 989 923 1043 prouenit
950 995 993 1030 et
1018 989 1173 1030 horum
1202 988 1376 1029 tertiam
1402 993 1573 1042 partem

116 1070 264 1098 comes
287 1058 482 1111 percipit.
543 1058 630 1112 Qui
661 1058 758 1099 ideo
787 1057 847 1099 sic
875 1058 959 1099 dici
985 1057 1143 1099 dicitur
1171 1057 1273 1110 quia
1302 1056 1407 1098 fisco
1433 1056 1574 1098 socius
1607 1076 1613 1082 ·

115 1133 182 1167 est
219 1133 262 1167 et
288 1140 436 1168 comes
462 1127 506 1166 in
535 1126 834 1180 percipiendis.
898 1126 1034 1167 Porro
1061 1127 1304 1167 vicecomes
1336 1126 1493 1166 dicitur
1521 1139 1573 1166 eo

114 1196 233 1248 quod
255 1195 393 1236 vicem
419 1195 590 1237 comitis
625 1194 827 1249 suppleat
856 1195 899 1235 in
928 1194 1099 1247 placitis
1126 1194 1207 1235 illis
1236 1194 1395 1248 quibus
1426 1207 1574 1235 comes

115 1276 173 1305 ex
194 1277 270 1305 sue
291 1264 513 1318 dignitatis
534 1264 701 1306 ratione
723 1263 965 1318 participat.
1595 1281 1632 1312 15

171 1332 431 1385 Disczpulus.
492 1333 721 1387 Numquid
758 1347 816 1375 ex
856 1331 1039 1386 singulis
1071 1331 1354 1374 comitatibus
1390 1331 1574 1372 comites

115 1400 200 1442 ista
221 1401 497 1454 percipiunt?

170 1469 404 1523 Magister.
465 1471 774 1525 Nequaquam.
835 1469 913 1512 Set
934 1469 995 1510 hii
1024 1474 1198 1511 tantum
1223 1469 1306 1510 ista
1331 1469 1575 1523 percipiunt

114 1539 274 1593 quibus
295 1553 444 1593 regum
473 1539 770 1583 munificentia
790 1540 988 1593 obsequii
1014 1539 1183 1593 prestiti
1205 1537 1274 1580 vel
1297 1538 1455 1580 eximie
1476 1552 1575 1592 pro-

114 1608 264 1649 bitatis
285 1608 444 1650 intuitu
476 1610 658 1651 comites
682 1610 764 1651 sibi
791 1617 910 1652 creat
942 1615 987 1651 et
1016 1609 1186 1650 ratione
1215 1607 1440 1662 dignitatis
1463 1607 1575 1648 illius
1597 1626 1637 1648 20

115 1676 196 1718 hec
220 1677 481 1719 conferenda
506 1678 712 1727 decernit,
734 1679 998 1733 quibusdam
1026 1677 1284 1719 hereditarie
1310 1676 1576 1730 quibusdam

117 1746 415 1799 personaliter.

176 1814 367 1856 Rotulus
393 1816 642 1857 exactorius
670 1815 741 1858 ille
769 1823 834 1858 est
864 1817 906 1857 in
935 1829 1022 1869 quo
1054 1814 1255 1856 distincte
1281 1813 1385 1855 satis
1411 1819 1453 1854 et
1482 1812 1576 1854 dili-

122 1889 275 1936 genter
302 1890 568 1925 annotantur
592 1884 715 1926 firme
745 1885 857 1938 regis
886 1899 971 1938 que
1003 1897 1059 1925 ex
1091 1883 1269 1936 singulis
1300 1883 1577 1924 comitatibus

121 1959 354 2006 exurgunt,
388 1953 507 1994 cuius
537 1967 710 1994 summa
742 1954 872 1994 minui
904 1953 1081 2006 quidem
1112 1966 1201 1993 non
1231 1958 1376 2006 potest
1409 1957 1474 1992 set
1502 1964 1578 2005 per
1599 1971 1636 2003 ²5

119 2033 350 2074 operosam
372 2020 632 2063 iustitiarum
655 2022 927 2077 diligentiam
950 2021 1197 2074 frequenter
1219 2027 1416 2074 augetur.
1491 2020 1579 2061 Re-

124 2088 340 2143 liquorum
382 2091 503 2140 ratio,
545 2091 706 2133 scilicet
746 2092 972 2133 annalium
1008 2090 1265 2140 rotulorum,
1297 2096 1340 2131 et
1392 2088 1578 2130 aliorum

120 2172 307 2213 quorum
340 2173 471 2213 supra
507 2160 783 2202 meminimus
819 2174 905 2214 que
947 2160 990 2201 in
1023 2159 1227 2200 thesauro
1264 2165 1364 2199 sunt
1400 2164 1445 2199 et
1478 2158 1579 2199 inde

120 2240 206 2268 non
234 2229 455 2278 recedunt,
486 2243 543 2270 ex
574 2229 780 2283 predictis
821 2229 927 2271 satis
962 2228 1114 2282 liquet.
1176 2227 1334 2268 Restat
1370 2227 1503 2280 igitur
1531 2233 1579 2268 vt

120 2296 177 2337 ad
198 2296 382 2338 maiores
404 2304 448 2339 et
470 2298 609 2352 magis
629 2298 893 2340 necessarias
925 2297 1217 2338 institutiones
1245 2296 1445 2338 scaccarii
1477 2309 1578 2337 con·
1597 2302 1657 2347 30·

119 2371 353 2417 uer-tamur,
384 2366 428 2406 in
468 2367 626 2420 quibus
656 2372 704 2408 vt
736 2367 980 2420 predictum
1015 2372 1080 2407 est
1119 2365 1405 2406 excellentior
1436 2371 1502 2406 est
1535 2370 1580 2406 ct

122 2433 267 2475 vtilior
287 2440 332 2476 et
352 2447 378 2475 a
398 2433 594 2490 pluribus
616 2436 822 2477 remotior
844 2434 1046 2477 scaccarii
1068 2434 1260 2475 scientia.

159 2521 379 2581 [Explicit
400 2525 510 2568 liber
530 2527 711 2582 primus.
774 2527 995 2581 Incipiunt
1017 2525 1208 2580 capitula
1229 2525 1407 2567 secundi
1430 2525 1538 2567 libri.

184 2604 218 2644 Ι.
251 2604 324 2646 Ex
341 2606 500 2659 quibus
519 2613 562 2649 et
584 2607 771 2661 qualiter
787 2614 831 2649 et
852 2607 908 2648 ad
931 2606 1035 2660 quid
1053 2605 1164 2646 fiunt
1185 2605 1559 2647 summonitiones.

185 2672 246 2712 11.
280 2672 379 2726 Que
401 2674 457 2716 sit
478 2675 725 2718 differentia
745 2675 1135 2718 summonitionum
1152 2674 1375 2729 vtriusque
1395 2675 1578 2716 termini.
1599 2692 1638 2723 35

174 2770 215 2806 13
242 2773 286 2797 eo
303 2774 371 2798 om.
389 2764 466 2799 NR
532 2767 574 2801 18
600 2767 793 2812 Magister
807 2777 875 2800 om.
893 2766 928 2800 R
995 2773 1041 2799 20
1065 2763 1211 2800 comitis
1228 2765 1276 2799 N
1333 2765 1378 2800 26
1403 2764 1578 2800 iusticiar'

123 2807 212 2890 {let
234 2808 479 2891 gisticiariurn
496 2813 557 2849 N:
590 2813 866 2850 iustitiariorum
883 2812 1130 2849 Lz‘ebermann
1203 2821 1247 2857 34
1273 2818 1310 2848 et
1328 2812 1485 2858 qualiter
1493 2815 1583 2857 post

150 2867 197 2890 un
