2022 3281
402 200 419 227 1
431 187 481 228 18
882 188 969 230 DE
1001 185 1359 230 SCACCARIO
1684 184 1739 244 [11
1762 187 1791 229 ii
1812 197 1847 229 D

399 314 498 343 cum
520 301 607 342 iam
629 300 672 342 in
693 314 842 343 omnes
863 307 1014 354 gentes
1035 298 1314 340 celeberrima
1329 299 1444 341 fama
1464 299 1717 354 vulgauerit,
1734 300 1846 342 adeo

398 376 446 410 vt
476 369 559 411 hiis
587 369 859 423 exponendis
890 368 1087 408 insistere
1117 380 1432 420 superuacuum
1461 369 1675 419 videatur,
1710 382 1845 410 vnum

399 446 549 479 tamen
580 444 646 479 est
676 437 795 491 quod
826 450 926 477 cum
957 435 1129 477 silentio
1161 436 1368 488 preterire
1398 449 1486 477 non
1515 436 1638 478 valeo
1669 451 1727 478 ex
1759 450 1848 490 quo

399 506 491 548 solo
512 506 738 561 singularis
760 505 850 546 eius
872 504 1069 557 probitas
1095 510 1139 545 et
1159 503 1296 557 pietas
1317 504 1510 545 inaudita
1530 504 1739 546 firmatur.

477 578 486 595 ‘
508 575 609 615 Non
642 579 789 614 tamen
819 573 901 613 hoc
934 572 1120 612 hominis
1156 572 1236 613 fuit
1267 572 1402 613 immo
1430 573 1500 613 dei
1531 573 1770 614 miserentis

513 643 633 695 quod
664 641 744 682 sibi
775 641 894 694 quod
925 640 1008 681 toti
1039 653 1138 681 cum
1160 640 1310 693 paucis
1341 640 1501 681 restitit
1530 639 1646 683 orbi.’

456 710 714 763 Discz‘pulus,
775 709 976 763 Qualiter
1018 709 1101 750 sibi
1153 709 1354 750 resistere
1407 709 1491 750 dici
1545 709 1684 762 possit
1738 723 1850 763 opus

399 781 582 833 insigne,
613 778 695 819 nisi
726 778 903 832 planum
939 777 1101 828 seceris,
1132 791 1220 819 non
1249 777 1391 819 video.

455 848 688 901 Magister.
764 847 887 888 Licet
918 847 1002 888 hoc
1038 847 1094 888 ad
1127 859 1238 900 opus
1266 853 1443 900 ceptum
1472 845 1541 887 vel
1573 846 1851 900 propositum

342 931 380 953 10
400 930 486 957 non
523 915 752 964 attineant,
785 927 953 956 memor
983 920 1134 956 tamen
1165 914 1279 967 regis
1310 913 1423 955 illius
1455 914 1721 968 magnanimi
1751 927 1850 955 cum

400 998 506 1038 pace
534 998 631 1025 mee
659 984 815 1025 mentis
843 983 927 1024 hiis
955 983 1238 1037 supersedere
1265 995 1353 1024 non
1377 981 1505 1024 valui.
1565 983 1725 1024 Videas
1747 995 1852 1036 ergo

400 1067 531 1107 quam
554 1052 812 1094 miraculose
831 1053 896 1093 vir
916 1052 987 1093 ille
1003 1052 1084 1093 sibi
1108 1052 1267 1093 restitit
1284 1051 1327 1092 in
1348 1052 1450 1093 suis.
1510 1051 1645 1092 Filios
1662 1051 1854 1105 quidem,

403 1136 478 1164 sue
509 1122 649 1164 carnis
680 1122 816 1162 immo
839 1128 881 1162 et
903 1121 1048 1162 anime
1078 1135 1155 1161 sue
1186 1134 1309 1173 spem
1335 1126 1435 1174 post
1458 1121 1589 1162 deum
1615 1121 1785 1161 unicam
1808 1125 1854 1160 et

355 1197 382 1228 Ε
402 1191 586 1245 gloriam
620 1190 893 1244 singularem,
928 1190 1034 1230 dum
1062 1189 1231 1243 paruuli
1267 1196 1410 1230 essent
1441 1195 1486 1230 et
1521 1190 1689 1231 ratione
1724 1189 1855 1230 etatis

344 1273 380 1303 15
403 1260 514 1301 cerei
544 1273 675 1312 supra
697 1259 877 1300 modum
907 1264 950 1299 et
973 1259 1015 1299 in
1043 1271 1216 1299 omnem
1241 1258 1374 1299 animi
1401 1264 1570 1299 motum
1598 1257 1738 1311 proni,
1757 1256 1851 1298 vul-

402 1328 553 1382 pecule
573 1328 813 1382 pertinaces
835 1326 1021 1368 consiliis
1044 1327 1189 1380 prauis
1211 1326 1420 1368 demolite
1446 1333 1571 1376 sunt3
1601 1332 1645 1367 et
1672 1327 1852 1367 tandem

402 1398 446 1438 in
487 1403 656 1450 patrem
692 1403 902 1448 tanquam
940 1396 984 1436 in
1018 1396 1188 1436 hostem
1221 1408 1299 1435 sua
1333 1395 1497 1436 viscera
1533 1400 1853 1436 conuerterunt.

403 1466 527 1507 Facti
559 1470 661 1505 sunt
694 1464 827 1506 etiam
856 1463 1042 1506 ‘inimici
1074 1464 1262 1505 hominis
1293 1463 1521 1505 domestici
1552 1460 1669 1504 eius'
1703 1469 1746 1504 et
1777 1463 1853 1516 qui

401 1533 706 1575 custodiebant
737 1532 851 1574 latus
886 1533 977 1573 eius
1013 1532 1238 1573 consilium
1272 1532 1461 1572 inierunt
1494 1531 1703 1572 aduersus
1739 1544 1854 1581 eum,

344 1613 384 1635 20
402 1603 599 1644 dicentes
623 1601 722 1642 filiis
749 1608 792 1642 et
822 1601 1034 1651 hostibus,
1064 1603 1073 1620 ‘
1091 1600 1398 1655 persequimini
1430 1606 1473 1641 et
1497 1599 1853 1654 comprehendite

403 1685 500 1712 eum
528 1671 630 1724 quia
658 1684 744 1711 non
769 1676 834 1711 est
862 1670 936 1723 qui
964 1668 1140 1723 eripiat?
1205 1669 1385 1711 Diceres
1410 1669 1454 1709 in
1478 1669 1558 1710 hiis
1582 1668 1850 1723 completum

401 1741 583 1782 verbum
622 1739 834 1794 prophete
874 1738 1010 1780 ‘filios
1050 1739 1236 1780 enutriui
1269 1745 1312 1780 et
1348 1737 1554 1786 exaltaui‚
1591 1738 1672 1791 ipsi
1706 1745 1853 1779 autern

402 1814 660 1862 spreuerunt
688 1807 783 1849 me.'
858 1807 970 1849 Cum
993 1807 1124 1860 igitur
1143 1821 1254 1848 vxor
1275 1808 1318 1848 in
1338 1807 1489 1856 virum,
1515 1806 1592 1847 filii
1617 1807 1660 1846 in
1683 1813 1853 1861 patrem

401 1890 541 1928 suum,
562 1877 790 1918 domestici
820 1877 912 1917 sine
944 1889 1074 1917 causa
1103 1875 1350 1916 deseuirent
1379 1875 1421 1915 in
1452 1875 1691 1925 dominum,
1712 1887 1856 1916 nonne

345 1956 382 1987 ²5
403 1946 509 1988 satis
526 1945 692 1999 optime
707 1945 790 1986 sibi
808 1943 1094 1985 rebellantem
1110 1945 1249 1986 virum
1266 1944 1462 1986 diceres?
1523 1943 1691 1985 Verum
1707 1950 1856 1986 contra

403 2027 678 2055 numerosam
705 2013 899 2054 hostium
931 2013 1255 2054 multitudinem
1276 2011 1409 2054 solius
1437 2011 1584 2053 diuine
1604 2011 1742 2064 gratie
1764 2025 1856 2052 ma-

403 2083 587 2136 gnitudo
608 2081 811 2123 subuenit
842 2087 899 2132 et,
921 2081 1045 2135 quasi
1072 2087 1293 2135 pugnante
1323 2094 1401 2135 pro
1431 2094 1476 2121 se
1507 2080 1698 2128 domino,
1719 2080 1781 2121 sic
1812 2080 1856 2121 in

404 2151 523 2192 breui
555 2163 666 2205 pene
697 2149 878 2191 rebelles
908 2163 1061 2191 omnes
1092 2149 1282 2203 optinuit
1310 2154 1357 2190 vt
1386 2149 1515 2203 longe
1541 2147 1693 2189 fortius
1723 2161 1856 2201 quam

404 2220 522 2273 prius
549 2234 607 2261 ex
640 2233 692 2261 eo
724 2233 812 2273 quo
847 2218 1054 2260 infirmari
1086 2217 1248 2268 debuit,
1273 2216 1600 2260 confirmaretur
1635 2217 1679 2257 in
1709 2230 1855 2271 regno.

346 2298 385 2328 30
405 2289 578 2330 Norunt
591 2288 708 2329 enim
724 2293 901 2341 propter
913 2286 996 2328 hoc
1014 2286 1305 2341 potentissimi
1319 2286 1392 2339 qui
1406 2286 1763 2339 conspirauerant
1778 2285 1856 2325 ad·

405 2370 555 2399 uersus
577 2370 677 2398 eum
694 2357 737 2397 in
754 2355 871 2398 omni
887 2356 1047 2397 virtute
1070 2369 1160 2403 sua,
1177 2355 1348 2396 clauam
1361 2368 1388 2395 a
1411 2367 1541 2395 manu
1559 2353 1760 2394 Herculis
1776 2353 1857 2394 nisi

454 2478 470 2504 1
498 2469 662 2513 vulgaret
684 2468 715 2503 C
833 2477 853 2502 2
879 2465 1106 2502 exnouendis
1121 2466 1157 2501 R
1279 2473 1296 2510 5
1325 2463 1452 2508 immo]
1472 2471 1527 2499 set
1548 2464 1580 2499 C
1691 2463 1714 2499 6
1730 2462 1858 2509 paucis

405 2526 488 2549 cum
505 2516 570 2550 toti
589 2516 637 2549 N
770 2522 790 2557 7
817 2514 933 2560 possit
947 2513 1020 2548 dici
1038 2513 1085 2548 N
1207 2521 1251 2548 10
1275 2512 1323 2546 ad
1340 2511 1545 2557 pertineant
1561 2512 1618 2545 R:
1645 2511 1757 2545 animi
1775 2522 1857 2556 per-

408 2561 546 2596 tineant
564 2562 611 2596 N
703 2570 745 2597 12
770 2561 845 2596 suis
861 2562 1103 2606 smpsimus:
1134 2570 1200 2594 suo
1219 2559 1267 2594 C:
1293 2569 1379 2594 suos
1396 2559 1473 2592 NR
1558 2561 1644 2592 ante
1660 2558 1754 2592 filios
1771 2557 1857 2592 add.

407 2608 544 2643 scilicet
565 2609 596 2643 C
700 2609 741 2644 18
766 2607 818 2653 et]
836 2615 874 2643 vt
891 2609 926 2642 R
1038 2617 1081 2652 19
1106 2606 1301 2642 innuerunt
1314 2606 1362 2640 N
1459 2614 1504 2639 20
1520 2604 1790 2650 persequamini
1807 2605 1858 2639 C:

407 2654 677 2699 persequemini
700 2655 748 2689 N
850 2664 908 2697 20,
923 2664 964 2689 21
995 2660 1032 2689 et
1049 2680 1058 2689 .
1075 2679 1084 2689 .
1102 2681 1112 2689 .
1130 2652 1260 2698 eripiat
1278 2651 1440 2698 singulis
1456 2656 1604 2686 tantum
1617 2652 1781 2696 apicibus
1797 2662 1856 2686 ex-

405 2702 578 2744 primunt
593 2701 690 2736 codd.
809 2711 850 2736 21
879 2702 1034 2737 Discere
1053 2701 1103 2736 C:
1131 2699 1271 2736 Dicens
1287 2699 1334 2733 N
1423 2707 1466 2733 22
1492 2697 1663 2743 exaltaui]
1682 2710 1737 2735 ex.
1756 2697 1858 2733 codd.

409 2756 453 2789 24
479 2747 683 2783 deseuirent
701 2747 754 2793 in]
773 2748 983 2784 descurenti
1000 2749 1036 2783 R
1158 2754 1199 2793 25
1226 2745 1464 2781 rebellentem
1481 2746 1527 2779 N
1648 2745 1693 2780 26
1718 2745 1755 2780 in
1772 2748 1858 2779 ante

408 2793 532 2828 diuine
549 2794 633 2829 add.
649 2794 695 2828 N
773 2796 816 2830 28
842 2793 952 2840 pene]
971 2805 1068 2840 pone
1081 2795 1116 2829 R
1209 2802 1254 2838 29
1271 2790 1358 2838 quo]
1377 2792 1477 2838 quod
1498 2793 1529 2828 C
1634 2791 1776 2838 debuit]
1792 2790 1857 2827 de·

408 2842 495 2876 bent
514 2840 546 2876 C
637 2849 682 2886 30
699 2842 971 2887 conspirauerat
983 2842 1030 2876 N
