2022 3281
474 184 528 227 90
959 172 1046 213 DE
1079 170 1438 215 SCACCARIO
1755 170 1794 229 [Ι
1817 172 1873 214 vii
1895 180 1922 212 B

475 290 701 339 gnouerat.
758 284 846 339 Qui
861 284 1176 326 circumeuntes
1197 288 1240 324 et
1263 283 1432 324 oculata
1456 282 1540 325 fide
1554 283 1712 326 fundos
1728 283 1923 338 singulos

473 353 799 407 perlustrantes,
841 353 991 394 habita
1035 351 1310 393 estimatione
1338 351 1589 393 victualium
1628 367 1714 406 que
1753 353 1808 394 de
1839 353 1923 395 hiis

472 421 767 471 soluebantur,
818 421 1076 474 redegerunt
1125 420 1166 459 in
1216 432 1432 460 summam
1483 420 1768 462 denariorum.
1852 422 1923 462 De

471 504 642 531 summa
671 504 772 531 vero
804 502 1071 530 summarum
1103 501 1188 541 que
1218 501 1275 529 ex
1305 488 1509 530 omnibus
1540 488 1681 530 fundis
1713 491 1921 543 surgebat

433 566 451 598 5
471 558 514 598 in
537 572 623 599 uno
646 558 869 606 comitatu,
892 557 1210 598 constituerunt
1231 556 1532 598 vicecomitem
1554 557 1667 598 illius
1688 559 1921 600 comitatus

469 627 525 667 ad
555 627 816 667 scaccarium
848 625 998 675 teneri,
1019 625 1231 666 addentes
1259 631 1306 666 vt
1337 625 1393 666 ad
1425 624 1586 665 scalam
1618 626 1814 676 solueret,
1837 627 1920 668 hoc

469 701 533 735 est
556 701 700 747 preter
721 693 963 747 quamlibet
990 699 1261 734 numeratam
1283 692 1439 734 libram
1460 693 1515 734 vi.
1538 694 1753 735 denarios.
1815 695 1919 736 Rati

468 768 567 803 sunt
596 763 710 803 enim
738 768 879 803 tractu
908 762 1118 815 temporis
1146 762 1200 803 de
1229 760 1352 802 facile
1382 775 1510 814 posse
1544 760 1634 802 fieri
1665 768 1713 803 vt
1744 769 1920 805 moneta

467 837 569 872 tunc
597 831 718 871 fortis
747 844 772 871 a
800 844 880 872 suo
909 836 1025 872 statu
1054 830 1284 871 decideret.
1345 831 1439 871 Nec
1471 844 1545 871 eos
1576 829 1728 872 fefellit
1760 832 1918 885 opinio.

409 908 448 930 10
465 897 593 940 Vnde
626 899 765 941 coacti
802 905 901 941 sunt
934 899 1198 941 constituere
1228 905 1276 940 vt
1306 898 1476 940 firmam
1510 900 1800 940 maneriorum
1831 913 1918 941 non

465 967 606 1008 solum
642 968 697 1009 ad
734 968 896 1009 scalam
931 969 1007 1009 sed
1044 968 1100 1009 ad
1134 981 1317 1022 pensum
1353 967 1593 1009 solueretur
1624 969 1743 1021 quod
1773 968 1919 1022 perfici

417 1042 443 1074 C
465 1049 552 1077 non
580 1042 751 1090 poterat
779 1037 860 1077 nisi
891 1037 1020 1090 longe
1048 1037 1243 1090 pluribus
1268 1037 1488 1091 appositis.
1550 1035 1818 1078 Seruabatur
1842 1051 1920 1091 per

463 1104 607 1158 plures
651 1119 788 1146 annos
827 1106 883 1147 ad
924 1106 1188 1147 scaccarium
1236 1106 1309 1146 lex
1354 1105 1480 1146 huius
1525 1105 1766 1155 solutionis,
1805 1106 1919 1147 vnde

462 1173 711 1227 frequenter
733 1174 775 1214 in
796 1175 1015 1216 veteribus
1035 1175 1262 1216 annalibus
1284 1174 1435 1215 rotulis
1457 1175 1570 1227 regis
1592 1174 1704 1215 illius
1726 1174 1918 1215 inuenies

405 1250 442 1282 15
463 1242 674 1296 scriptum
698 1243 775 1283 ‘In
798 1243 1001 1284 thesauro
1023 1257 1056 1285 c.
1081 1243 1210 1285 libras
1237 1243 1293 1284 ad
1315 1241 1500 1284 scalam'
1523 1242 1592 1284 vel
1615 1242 1690 1282 ‘In
1713 1243 1918 1285 thesauro

462 1324 496 1352 c.
521 1310 652 1352 libras
667 1312 723 1352 ad
741 1311 946 1364 pensum.’
1008 1311 1210 1354 Surrexit
1238 1312 1403 1354 interea
1423 1312 1487 1352 vir
1507 1313 1706 1366 prudens,
1729 1312 1917 1354 consiliis

460 1380 680 1433 prouidus,
703 1394 900 1422 sermone
931 1380 1118 1422 disertus
1149 1388 1194 1422 et
1224 1381 1279 1422 ad
1312 1380 1508 1421 maxima
1537 1393 1710 1434 queque
1741 1382 1916 1434 negotia

460 1461 537 1501 per
568 1449 638 1489 dei
675 1449 859 1502 gratiam
896 1457 1073 1503 repente
1106 1450 1347 1503 precipuus.
1411 1449 1589 1490 Diceres
1625 1449 1668 1488 in
1707 1463 1757 1489 eo
1795 1462 1915 1490 com-

458 1517 625 1569 pletum
654 1518 771 1570 quod
800 1517 1007 1571 scriptum
1039 1525 1105 1559 est
1127 1518 1304 1559 ‘Nescit
1333 1519 1458 1559 tarda
1488 1516 1714 1558 molimina
1740 1518 1914 1571 spiritus

402 1597 441 1619 20
460 1586 595 1626 sancti
625 1583 793 1639 gratia.'
860 1586 946 1627 Hic
988 1586 1044 1628 ab
1085 1587 1240 1628 eodem
1284 1600 1384 1640 rege
1423 1593 1603 1628 vocatus
1645 1587 1701 1627 ad
1737 1587 1914 1635 curiam,

458 1653 559 1694 licet
591 1654 768 1707 ignotus
801 1668 887 1695 non
920 1661 1067 1696 tamen
1100 1655 1313 1708 ignobilis,
1343 1669 1419 1696 suo
1451 1655 1678 1709 perdocuit
1704 1655 1912 1708 exemplo

461 1722 721 1776 ‘Paupertas
752 1723 894 1764 tenuis
925 1737 1058 1776 quam
1090 1726 1145 1765 sit
1176 1724 1357 1765 fecunda
1379 1721 1593 1764 virorum.'
1657 1723 1743 1764 Hic
1772 1724 1913 1777 igitur,

457 1799 754 1832 succrescente
790 1792 834 1832 in
868 1805 967 1833 eum
1008 1793 1213 1847 principis
1250 1807 1301 1835 ac
1337 1792 1438 1834 cleri
1474 1792 1713 1845 populique
1752 1791 1914 1842 fauore,

459 1858 796 1901 Saresberiensis
829 1860 1060 1914 episcopus
1091 1860 1240 1909 factus,
1273 1861 1480 1901 maximis
1511 1861 1554 1901 in
1591 1874 1723 1914 regno
1760 1859 1913 1914 funge-

399 1940 436 1971 25
455 1927 584 1968 batur
605 1928 753 1969 officiis
777 1935 820 1970 et
848 1929 1087 1970 honoribus
1113 1936 1156 1971 et
1185 1930 1239 1970 de
1261 1930 1473 1971 scaccario
1502 1929 1735 1984 plurimam
1759 1929 1913 1970 habuit

455 1997 711 2047 scientiam;
745 1998 857 2039 adeo
888 2004 935 2039 vt
956 2012 1043 2039 non
1074 1999 1129 2040 sit
1157 1999 1416 2052 ambiguum
1437 1999 1514 2039 sed
1546 2012 1603 2039 ex
1625 1999 1729 2052 ipsis
1760 1998 1913 2040 rotulis

455 2066 735 2108 manifestum
758 2067 992 2120 plurimum
1019 2067 1101 2108 sub
1122 2081 1174 2108 eo
1195 2066 1403 2108 floruisse.
1459 2068 1529 2108 De
1546 2067 1667 2108 cuius
1684 2066 1912 2108 stillicidiis

453 2148 532 2176 nos
553 2148 726 2189 quoque
749 2136 967 2176 modicum
990 2136 1033 2176 id
1054 2136 1173 2189 quod
1199 2135 1413 2176 habemus
1440 2149 1517 2189 per
1545 2136 1770 2177 traducem
1790 2148 1913 2177 acce-

454 2204 607 2257 pimus.
660 2204 802 2258 Super
822 2204 906 2246 hoc
927 2205 984 2245 ad
1004 2218 1180 2258 presens
1207 2203 1344 2245 multa
1366 2204 1484 2257 loqui
1513 2205 1787 2258 supersedeo,
1809 2204 1912 2257 quia

396 2283 436 2313 30
455 2287 533 2326 pro
564 2273 772 2325 qualitate
797 2273 861 2314 sui
893 2279 1032 2314 status
1063 2272 1332 2314 nobilissime
1363 2273 1519 2314 mentis
1549 2272 1735 2314 indicem
1761 2286 1911 2325 super-

454 2341 600 2382 stitem
652 2342 732 2382 sibi
784 2342 1037 2383 memoriam
1085 2340 1324 2394 dereliquit.
1400 2341 1487 2382 Hic
1528 2341 1809 2394 postmodum
1852 2354 1909 2382 ex

455 2411 663 2451 mandato
694 2410 895 2463 principis
926 2409 1107 2451 accessit
1148 2410 1204 2450 ad
1251 2409 1515 2450 scaccarium
1535 2422 1544 2459 ;
1576 2409 1649 2449 vbi
1692 2422 1791 2451 cum
1833 2422 1911 2463 per

453 2477 618 2531 aliquot
649 2492 786 2520 annos
827 2479 1090 2533 persedisset
1125 2477 1335 2531 comperit
1364 2477 1448 2518 hoc
1489 2476 1713 2518 solutionis
1752 2491 1908 2532 genere

403 2563 436 2594 D
456 2559 543 2587 non
564 2546 690 2600 plene
711 2548 816 2589 fisco
838 2547 1049 2589 satisfieri.
1101 2547 1227 2587 Licet
1252 2546 1367 2587 enim
1389 2545 1431 2586 in
1448 2559 1628 2587 numero
1650 2552 1694 2587 et
1714 2547 1908 2599 pondere

395 2631 435 2662 35
454 2614 670 2656 videretur
697 2616 969 2658 satisfactum
1000 2629 1088 2656 non
1120 2621 1268 2655 tamen
1301 2613 1343 2654 in
1372 2615 1563 2655 materia.
1625 2613 1907 2667 Consequens

454 2682 570 2723 enim
599 2697 686 2724 non
716 2690 807 2725 erat
836 2691 896 2731 vt,
919 2684 953 2725 si
987 2698 1067 2738 pro
1099 2683 1208 2724 libra
1237 2696 1320 2724 vna
1351 2689 1602 2724 numeratos
1632 2697 1712 2724 xx.
1744 2681 1906 2724 solidos

502 2791 518 2817 1
547 2782 705 2828 oculata]
724 2786 866 2820 occulta
886 2785 917 2820 C
1013 2794 1056 2828 14
1080 2783 1214 2820 veteris
1231 2783 1278 2818 N
1371 2783 1410 2818 18
1436 2783 1583 2819 Diceris
1603 2784 1652 2819 C:
1680 2784 1853 2820 Disceres
1870 2784 1907 2818 R

453 2837 496 2874 25
523 2829 652 2865 officiis
669 2837 704 2866 et
721 2843 790 2866 om.
806 2832 883 2866 NR
987 2841 1030 2876 32
1057 2829 1249 2877 principis]
1267 2829 1425 2876 precipis
1442 2831 1489 2865 N
