2022 3281
110 149 126 181 1
150 153 177 181 v
197 135 246 195 F]
601 139 689 181 DE
721 139 1079 183 SCACCARIO
1512 151 1563 195 71

109 265 259 293 verum
280 251 364 293 hoc
388 251 525 294 habet
546 252 734 294 officium
759 254 864 294 dum
889 253 1048 295 residet
1069 253 1126 295 ad
1147 253 1426 296 scaccarium.
1487 254 1565 296 Ad

110 321 255 374 ipsum
278 321 463 374 pertinet
485 322 686 363 custodia
702 322 830 377 sigilli
848 323 966 376 regii,
983 323 1104 376 quod
1119 329 1186 364 est
1208 323 1249 363 in
1271 323 1477 364 thesauro
1499 330 1567 365 set

109 390 209 431 inde
231 403 320 430 non
346 390 508 431 recedit
535 390 616 431 nisi
642 404 752 442 cum,
774 398 982 445 precepto
1007 392 1182 442 iustitie,
1205 392 1261 434 ab
1289 392 1485 433 inferiore
1509 393 1566 433 ad

111 459 310 513 superius
331 459 593 501 scaccarium
617 473 642 500 a
662 460 930 501 thesaurario
951 459 1019 502 vel
1041 460 1276 501 camerario
1300 461 1490 502 defertur
1509 461 1566 502 ad

111 527 332 582 explenda
373 528 517 568 solum
559 528 741 581 negocia
781 529 995 570 scaccarii.
1077 528 1250 583 Quibus
1294 528 1481 582 peractis
1522 528 1603 580 in5

110 597 305 637 loculum
328 596 516 638 mittitur
537 603 580 637 et
610 586 776 637 loculus
805 611 830 638 a
855 597 1110 639 cancellario
1136 598 1417 652 consignatur
1441 604 1485 639 et
1506 597 1566 639 sic
1586 603 1614 634 E

111 665 382 707 thesaurario
403 665 589 707 traditur
611 665 945 717 custodiendus;
977 667 1083 707 item
1110 681 1209 707 curn
1238 681 1415 708 necesse
1440 666 1568 708 suerit

111 734 309 788 signatus
341 735 422 775 sub
454 735 649 776 omnium
682 734 819 775 oculis
850 735 1107 776 cancellario
1130 735 1311 777 offertur
1341 749 1567 788 nunquam

113 802 169 843 ab
194 803 288 855 ipso
305 803 373 844 vel
395 804 452 845 ab
469 804 553 844 alio
574 804 680 844 alias
699 804 949 844 efferendus.
1015 805 1127 845 Item
1144 805 1199 846 ad
1218 806 1362 858 ipsum
1380 805 1568 858 pertinet

112 873 241 913 rotuli
263 873 339 925 qui
370 879 435 914 est
466 873 522 914 de
549 872 807 914 cancellaria
838 873 1037 914 custodia
1067 886 1144 926 per
1171 874 1442 927 suppositam
1470 887 1567 928 per·
1590 888 1628 911 10

113 954 277 982 sonam.
339 941 409 991 Et,
435 941 546 983 sicut
567 942 668 983 viris
689 941 859 996 magnis
879 943 1020 982 visum
1038 948 1116 992 est,
1133 942 1189 983 de
1211 943 1332 983 omni
1353 943 1568 996 scriptura

113 1010 241 1051 rotuli
282 1010 562 1051 cancellarius
599 1024 709 1063 eque
744 1016 918 1051 tenetur
957 1017 1005 1052 vt
1045 1011 1343 1063 thesaurarius
1379 1017 1569 1065 excepto

112 1080 349 1120 dumtaxat
376 1080 432 1120 de
458 1079 544 1121 hoc
574 1079 695 1132 quod
724 1079 926 1120 scribitur
956 1079 1022 1119 ‘in
1052 1079 1256 1120 thesauro
1275 1078 1284 1095 ’
1316 1085 1570 1133 receptum;

113 1148 210 1190 licet
234 1149 348 1188 enirn
369 1161 453 1188 non
483 1148 720 1201 prescribat
748 1154 794 1188 vt
822 1148 1123 1198 thesaurarius,
1146 1148 1379 1189 conscribit
1407 1155 1569 1198 tamen,

113 1224 155 1258 et
189 1217 224 1257 si
259 1216 331 1257 ille
363 1217 568 1257 errauerit
599 1216 699 1257 licet
731 1215 811 1269 ipsi
841 1216 910 1257 vel
943 1216 1098 1256 clerico
1130 1216 1220 1257 eius
1250 1216 1568 1258 thesaurarium
1592 1231 1629 1264 15

112 1299 211 1326 cum
242 1285 457 1326 modestia
489 1286 703 1339 corripere
731 1291 774 1326 et
800 1285 905 1338 quid
937 1285 1108 1333 debeat,
1130 1298 1373 1338 suggerere.
1436 1285 1571 1338 Quod

112 1354 146 1394 si
186 1353 476 1395 thesaurarius
512 1355 858 1408 perseuerauerit
894 1360 937 1395 et
979 1361 1147 1395 mutare
1182 1354 1372 1395 noluerit
1408 1355 1570 1407 poterit

112 1437 225 1474 eum,
259 1424 295 1464 si
336 1424 391 1464 de
431 1430 556 1476 parte
595 1437 674 1464 sua
709 1423 889 1464 confidit
930 1429 1113 1470 tantum,
1151 1436 1296 1464 coram
1332 1423 1568 1467 baronibus

111 1506 292 1546 arguere
315 1498 363 1533 vt
384 1492 440 1533 ab
462 1492 521 1533 eis
541 1492 646 1545 quid
669 1490 761 1533 fieri
782 1493 941 1533 debeat
962 1492 1187 1533 iudicetur.

169 1561 430 1615 Discipulus.
492 1561 597 1602 Veri
633 1561 775 1602 simile
813 1562 946 1603 etiam
983 1561 1154 1602 videtur
1191 1561 1419 1603 custodem
1454 1560 1569 1603 tertii
1591 1579 1631 1600 20

112 1630 242 1672 rotuli
264 1631 419 1672 eadem
441 1629 653 1683 scripture
673 1629 770 1682 lege
791 1630 1044 1684 constringi.

171 1699 402 1753 Magister.
464 1698 566 1740 Non
591 1704 657 1739 est
684 1698 774 1738 veri
800 1697 940 1739 simile
969 1705 1143 1739 tantum
1171 1705 1237 1740 set
1260 1692 1424 1740 verum.
1487 1698 1570 1739 Par

114 1769 228 1810 enim
260 1775 325 1810 est
355 1768 592 1809 auctoritas
623 1767 737 1808 illius
768 1768 942 1809 duobus
973 1768 1124 1808 rotulis
1161 1768 1326 1808 ratione
1358 1767 1570 1820 scripture

113 1837 214 1890 quia
236 1838 296 1877 sic
318 1837 482 1890 placuit
503 1837 595 1877 eius
616 1836 792 1877 auctori.

174 1905 495 1947 Constabularii
526 1905 716 1946 officium
748 1910 813 1945 est
841 1904 898 1945 ad
929 1905 1194 1947 scaccarium
1224 1911 1273 1946 vt
1299 1905 1342 1945 in
1364 1904 1569 1945 breuibus
1590 1922 1628 1955 ²5

113 1975 226 2028 regis
248 1976 302 2016 de
337 1974 460 2015 exitu
484 1973 685 2024 thesauri,
706 1973 775 2014 vel
807 1974 864 2015 de
891 1973 1108 2026 aliquibus
1142 1974 1450 2028 computandis
1484 1973 1569 2015 hiis

113 2045 188 2097 qui
210 2048 465 2096 compotum
492 2041 665 2090 faciunt,
687 2041 817 2082 simul
845 2055 944 2082 cum
973 2042 1220 2094 presidente
1249 2042 1372 2083 testis
1394 2042 1568 2084 existat.
1588 2053 1615 2084 F

115 2113 166 2153 In
195 2112 397 2153 omnibus
429 2111 544 2151 enim
575 2110 825 2151 huiusmodi
856 2111 1064 2152 breuibus
1097 2125 1154 2151 ex
1186 2112 1365 2164 antiqua
1396 2111 1568 2153 institu-

112 2183 230 2223 tione
251 2181 361 2221 duos
389 2185 561 2233 oportet
585 2179 799 2221 conscribi
823 2186 970 2220 testes.
1034 2180 1146 2221 Item
1173 2181 1264 2220 eius
1291 2179 1482 2221 officium
1504 2186 1571 2222 est

112 2258 160 2292 vt
195 2263 293 2290 cum
325 2250 382 2290 ad
413 2249 675 2290 scaccarium
706 2248 975 2301 stipendiarii
1008 2249 1120 2302 regis
1150 2250 1349 2290 venerint
1380 2263 1458 2301 pro
1490 2249 1567 2291 sti·
1589 2272 1631 2303 30

113 2319 282 2374 pendiis
313 2318 401 2359 suis
433 2318 524 2358 siue
560 2318 646 2358 sint
678 2317 914 2358 residentes
944 2318 986 2357 in
1021 2318 1172 2358 castris
1203 2318 1315 2370 regis
1346 2319 1439 2359 siue
1469 2332 1569 2369 non,

113 2394 338 2441 assumpto
369 2400 515 2428 secum
547 2386 704 2427 clerico
742 2385 1074 2437 constabularie,
1111 2386 1232 2427 cuius
1264 2392 1329 2427 est
1359 2386 1570 2428 terminos

114 2471 265 2499 eorum
315 2469 452 2506 nosse,
494 2462 537 2496 et
579 2454 835 2496 marescallo
883 2455 1099 2504 scaccarii,
1141 2462 1366 2508 computet
1417 2469 1569 2497 eorum

112 2526 392 2567 liberationes
428 2531 472 2566 et
513 2524 569 2565 de
609 2524 806 2565 retractis
848 2523 979 2565 fidem
1021 2524 1227 2576 suscipiat
1265 2530 1308 2564 et
1346 2524 1568 2565 residuum

113 2595 225 2637 solui
266 2593 410 2634 faciat.
486 2592 641 2635 Omnis
683 2592 797 2633 enim
838 2591 1038 2634 liberatio
1077 2605 1438 2646 quorumcunque
1477 2593 1568 2635 siue
1588 2614 1627 2646 35

162 2728 179 2765 5
201 2719 359 2765 Quibus]
374 2719 594 2764 QuilibetN
642 2726 814 2764 peractus
833 2719 868 2752 R
939 2727 961 2762 9
979 2717 1188 2753 offerendus
1207 2719 1241 2753 R
1291 2728 1333 2763 14
1351 2718 1566 2764 conscribit]

114 2767 239 2802 scribit
250 2768 285 2801 R
360 2768 401 2802 16
416 2765 542 2811 Quod]
559 2766 633 2802 Sed
651 2767 681 2802 C
733 2776 776 2800 22
793 2766 983 2810 Magister
994 2777 1063 2799 om.
1079 2766 1112 2799 R
1177 2775 1219 2809 23
1236 2765 1305 2801 illis
1321 2767 1351 2802 C
1390 2767 1434 2801 28
1447 2766 1566 2801 omni-

111 2813 197 2860 bus]
212 2814 283 2850 hiis
303 2814 334 2850 C
380 2823 424 2858 30
442 2821 480 2849 vt
495 2825 565 2850 om.
581 2814 628 2848 N
681 2811 899 2858 stipendarii
912 2812 958 2847 N
1013 2822 1055 2857 32
1074 2810 1193 2848 ascito
1203 2813 1281 2848 NR
1341 2823 1384 2858 33
1403 2825 1514 2849 nosce
1527 2814 1573 2848 N
