2022 3281
415 184 496 223 140
899 170 986 211 DE
1020 167 1379 211 SCACCARIO
1697 166 1756 226 [11
1778 184 1809 209 x
1832 178 1862 209 L

412 285 502 327 fieri
542 286 699 327 debeat
740 297 827 326 non
868 282 1031 331 dixisti,
1063 282 1098 322 si
1140 281 1305 322 scilicet
1344 283 1401 323 ad
1439 294 1586 336 regem
1617 282 1862 337 pertineant

410 357 480 398 vel
503 356 571 396 cui
593 357 648 396 de
669 356 759 396 iure
784 353 938 394 cedere
959 352 1163 393 debeant.

473 425 705 478 Magister.
766 422 1027 469 Predonum,
1049 419 1120 472 qui
1144 425 1188 459 et
1210 418 1324 460 fures
1347 418 1563 461 manifesti
1585 419 1798 471 dicuntur,
1820 426 1864 461 et

413 493 599 534 latenter
638 491 888 538 furantium,
929 488 1126 529 condicio
1167 487 1389 528 dissimilis
1430 493 1508 529 est.
1589 488 1723 529 Porro
1772 493 1864 528 tam

375 579 392 611 5
413 563 568 602 horum
597 573 728 613 quam
759 558 930 598 illorum
958 558 1048 598 duo
1077 563 1179 598 sunt
1209 570 1368 610 genera
1393 569 1450 596 ex
1478 569 1661 608 quorum
1688 555 1866 609 singulis

414 629 568 671 catalla
597 627 777 669 diuersis
805 626 981 667 diuerso
1004 626 1138 667 modo
1165 625 1435 679 proueniunt.
1498 625 1746 665 Predonum
1768 624 1865 678 qui—

414 699 527 748 dem,
564 697 674 737 sicut
710 702 753 737 et
787 694 942 742 furum,
974 695 1154 748 quidam
1186 692 1365 747 exleges
1396 699 1497 734 sunt
1527 706 1637 745 quos
1666 693 1867 734 vsitatius

411 765 662 818 vthlagatos
677 764 873 813 dicimus,
890 764 1070 817 quidam
1088 775 1189 803 non.
1238 761 1467 814 Vthlagati
1484 775 1587 803 vero
1603 761 1671 802 vel
1688 762 1867 816 exleges

413 833 522 874 fiunt
553 833 729 886 quando
759 832 973 886 legittime
1006 831 1127 872 citati
1156 844 1242 872 non
1275 835 1529 884 comparent
1561 835 1603 870 et
1633 842 1710 883 per
1740 828 1868 882 legit-

357 919 396 942 10
413 903 545 943 timos
567 908 611 943 et
638 901 903 942 constitutos
929 901 1140 942 terminos
1168 905 1470 953 expectantur,
1492 904 1535 939 et
1564 899 1696 939 etiarn
1727 897 1868 949 requi-

414 977 576 1018 runtur,
609 983 688 1010 nec
719 970 798 1010 iuri
828 982 875 1010 se
905 969 1104 1010 offerunt.
1168 967 1339 1009 Horum
1377 967 1525 1020 itaque
1559 965 1729 1017 catalla,
1760 965 1869 1006 sicut

416 1046 460 1081 et
475 1040 576 1089 vita,
597 1039 641 1079 in
663 1038 864 1080 manibus
881 1037 1347 1091 comprehendentium
1366 1037 1484 1089 ipsos
1506 1049 1600 1077 esse
1621 1040 1869 1085 noscuntur,

415 1121 493 1149 nec
511 1109 566 1150 ad
579 1121 725 1161 regem
742 1107 958 1160 pertinere
975 1106 1172 1160 qualibet
1189 1105 1355 1147 ratione
1372 1110 1567 1159 possunt.
1623 1103 1869 1143 Predonum

416 1183 563 1218 autem
584 1177 701 1217 bona
728 1176 803 1230 qui
831 1177 1027 1217 nondum
1055 1176 1097 1215 in
1122 1175 1236 1216 hanc
1265 1174 1438 1215 miserie
1465 1185 1681 1214 summam
1703 1172 1871 1225 delapsi

358 1258 397 1291 15
417 1252 531 1296 sunt,
570 1245 607 1286 si
652 1244 1089 1298 comprehenduntur,
1121 1244 1178 1283 ad
1213 1242 1364 1284 fiscum
1396 1242 1687 1295 proueniunt3
1729 1240 1870 1280 furum

417 1321 565 1355 autem
593 1313 648 1354 ad
674 1312 975 1354 vicecomitem
1004 1312 1085 1352 sub
1116 1324 1205 1364 quo
1232 1310 1489 1363 deprehensi
1516 1315 1560 1350 et
1589 1309 1728 1362 puniti
1756 1314 1870 1348 sunt.

419 1382 551 1436 Quod
572 1382 608 1423 si
630 1382 871 1423 vicecomes
897 1381 1002 1421 furis
1030 1393 1207 1421 causam
1236 1381 1291 1421 ad
1318 1379 1481 1420 curiam
1511 1377 1666 1419 deduci
1692 1377 1872 1431 dignam

420 1451 608 1498 duxerit,
643 1456 691 1491 vt
722 1449 780 1490 ibi
812 1449 1038 1499 iudicetur,
1070 1448 1128 1489 nil
1166 1448 1248 1501 ipsi
1279 1455 1345 1489 set
1380 1454 1524 1489 totum
1562 1446 1650 1498 regi
1688 1444 1874 1486 debetur

420 1520 539 1572 quod
575 1519 643 1559 fur
677 1518 748 1559 ille
783 1518 1039 1571 possederit.
1101 1517 1149 1558 Si
1190 1530 1293 1558 vero
1334 1516 1470 1557 furem
1511 1515 1735 1569 proprium
1776 1513 1872 1567 quis

361 1608 402 1630 20
421 1589 637 1629 insecutus
657 1587 785 1628 fuerit
807 1593 851 1628 et
880 1586 923 1626 in
945 1587 1086 1640 prima
1108 1585 1227 1626 curia
1251 1585 1416 1627 domini
1443 1584 1555 1637 regis
1579 1582 1648 1624 vel
1674 1582 1806 1623 etiam
1829 1582 1873 1621 in

420 1657 632 1698 comitatu
666 1656 811 1708 ipsum
843 1655 1220 1707 comprehenderit
1252 1660 1296 1695 et
1328 1667 1449 1694 reum
1479 1653 1593 1702 furti,
1626 1652 1874 1692 adiudicata

363 1733 400 1765 M
420 1725 529 1778 lege,
554 1724 818 1778 probauerit,
841 1724 897 1764 de
918 1723 1087 1764 catallis
1109 1721 1223 1770 suris,
1246 1722 1281 1762 si
1305 1723 1359 1763 ad
1384 1723 1428 1763 id
1449 1720 1706 1769 suffecerint,
1727 1718 1874 1760 ablata

420 1808 522 1835 vero
544 1794 735 1848 primum
757 1793 848 1833 leso
875 1792 1164 1841 restituentur,
1186 1792 1457 1844 precedente,
1479 1791 1515 1831 si
1543 1789 1686 1844 placet
1707 1788 1873 1829 domini

421 1863 535 1916 regis
556 1862 799 1911 iustitiario,
819 1861 875 1901 de
896 1873 1069 1901 summa
1089 1859 1334 1900 ablatorum
1356 1859 1440 1900 fide
1462 1858 1552 1899 eius
1574 1857 1647 1911 qui
1668 1857 1790 1910 petit,
1805 1855 1874 1896 vel

362 1945 400 1977 25
421 1937 725 1980 sacramento,
765 1929 1048 1984 postmodum
1083 1934 1243 1975 autem,
1276 1941 1333 1969 ex
1364 1927 1550 1981 prouida
1579 1925 1876 1967 studiosorum

419 2002 538 2055 pacis
576 1999 1010 2059 institutione,yidem
1043 1999 1098 2040 de
1133 1999 1258 2040 bonis
1295 1997 1399 2039 furis
1429 1997 1690 2039 tantundem
1725 2008 1876 2048 accep-

419 2077 541 2111 turus
563 2076 628 2111 est
651 2070 695 2110 in
717 2069 877 2109 laboris
900 2075 943 2109 et
972 2074 1174 2120 sumptus
1202 2066 1266 2107 sui
1293 2066 1496 2107 solatium
1523 2070 1734 2118 quantum
1757 2062 1878 2115 prius

420 2140 524 2180 dolo
547 2139 651 2180 furis
672 2138 889 2180 amiserat.
964 2137 1061 2177 Hec
1085 2142 1232 2177 autem
1258 2136 1423 2189 duplex
1451 2140 1494 2176 et
1516 2134 1752 2188 prudenter
1778 2146 1876 2186 pro-

421 2215 569 2250 curata
589 2207 749 2248 solutio
777 2205 834 2247 ab
855 2205 1044 2258 antiquis
1065 2208 1074 2224 ‘
1091 2204 1205 2246 solta
1233 2211 1277 2246 et
1297 2200 1513 2257 persolta‚'
1539 2202 1608 2243 vel
1630 2206 1639 2224 ‘
1660 2200 1877 2255 prosolta,'

362 2293 402 2323 30
422 2290 508 2318 non
537 2277 740 2318 inmerito
762 2276 880 2317 dicta
900 2282 980 2316 est.
1052 2274 1202 2314 Primo
1224 2273 1351 2322 enim,
1373 2272 1490 2325 quod
1512 2271 1707 2312 ablatum
1728 2271 1877 2320 fuerat,

421 2347 459 2387 ei
483 2346 667 2387 soluitur
689 2350 734 2385 et
754 2344 812 2385 ob
832 2343 916 2385 hoc
937 2348 945 2365 ‘
963 2342 1078 2384 solta
1092 2341 1101 2358 '
1123 2341 1295 2383 dicitur.
1371 2339 1591 2392 Deinceps
1613 2352 1690 2392 pro
1715 2337 1877 2379 laboris

468 2502 486 2536 3
515 2492 703 2527 Predones
722 2491 754 2527 C
892 2487 970 2535 qui]
989 2488 1100 2533 igitur
1117 2487 1150 2523 C
1303 2495 1325 2529 4
1350 2484 1549 2520 furantium
1567 2483 1738 2520 condicio
1756 2495 1824 2519 om.
1842 2486 1878 2519 R

419 2540 441 2574 6
467 2538 627 2583 diuerso]
647 2539 795 2574 diuersa
811 2538 847 2572 R
977 2544 996 2578 7
1023 2535 1116 2570 sicut
1135 2541 1171 2569 et
1189 2545 1257 2568 om.
1274 2534 1310 2568 R
1446 2542 1483 2567 11
1513 2531 1653 2577 itaque]
1671 2538 1824 2576 vterque
1841 2533 1878 2566 R

423 2594 464 2628 17
491 2585 631 2620 curiam
648 2597 716 2620 om.
736 2586 772 2619 R
869 2584 911 2619 18
939 2580 1132 2626 iudicetur]
1151 2581 1318 2616 videatur
1331 2579 1378 2613 N
1467 2578 1556 2624 ipsis
1573 2580 1608 2613 R
1699 2588 1741 2623 19
1758 2579 1876 2623 possi-

421 2632 516 2667 derit
534 2632 579 2665 N
691 2629 895 2677 proprium]
915 2641 1022 2665 suum
1043 2630 1073 2664 C
1206 2636 1259 2671 19,
1278 2636 1324 2661 20
1347 2625 1536 2671 proprium
1554 2652 1563 2661 .
1580 2651 1589 2660 .
1608 2651 1616 2659 .
1636 2626 1738 2661 curia
1755 2636 1822 2660 om.
1840 2626 1877 2660 R

420 2688 466 2712 20
490 2678 590 2712 curia
607 2678 725 2723 prima
741 2679 787 2712 N
896 2687 937 2712 21
967 2677 1089 2722 ipsum
1107 2681 1146 2710 vt
1164 2673 1214 2709 ibi
1233 2673 1551 2718 comprehendunt
1568 2673 1603 2707 R
1712 2681 1756 2707 22
1776 2672 1874 2706 suffi-

421 2731 545 2760 cerent
565 2725 614 2760 C:
643 2724 825 2760 suffecerit
844 2725 878 2759 R
977 2733 1021 2767 23
1039 2733 1127 2758 vero
1145 2732 1214 2756 om.
1231 2721 1267 2755 R
1361 2731 1447 2756 vero
1464 2717 1639 2764 primum]
1659 2719 1827 2764 prenouit
1846 2719 1878 2754 C

422 2782 467 2814 24
493 2770 714 2815 ablatorum]
734 2771 940 2807 oblatorum
956 2770 1004 2805 N
1092 2777 1135 2813 27
1161 2767 1234 2814 est]
1252 2773 1287 2803 et
1305 2767 1340 2801 R
1450 2775 1496 2810 29
1520 2766 1630 2801 solita
1647 2773 1684 2802 et
1701 2764 1875 2811 persolita

419 2818 479 2854 vel
496 2816 675 2863 prosolita
696 2819 726 2853 C
818 2826 859 2862 31
888 2817 996 2852 solita
1015 2816 1046 2852 C
