2912 4368
330 1031 393 1061 iv
415 1020 459 1073 c]
809 1022 893 1061 DF,
928 1021 1285 1063 scaccARro
1724 1023 1775 1077 69

327 1140 513 1186 quatuor
550 1135 751 1175 scaccarii
787 1135 920 1175 latera
957 1142 1144 1189 quatuor
1178 1136 1280 1189 poni
1315 1136 1465 1176 sedilia
1500 1136 1565 1175 vel
1605 1150 1777 1177 scanna.

328 1203 402 1242 Ad
429 1205 569 1255 capud
598 1218 699 1243 vero
722 1206 935 1254 scaccarii,
959 1205 1040 1245 hoc
1072 1212 1135 1246 est
1158 1206 1271 1245 vnde
1294 1204 1481 1245 latitudo
1511 1206 1776 1253 discernitur,

330 1272 369 1310 in
396 1273 541 1312 medio
561 1286 646 1311 non
678 1273 824 1313 sedilis
848 1275 922 1313 scd
946 1274 1147 1314 scaccarii
1168 1274 1285 1313 locus
1310 1280 1373 1313 est
1397 1274 1507 1314 illius
1531 1274 1777 1327 principalis

329 1341 381 1379 de
414 1354 499 1392 quo
543 1342 876 1393 supradiximus.
942 1343 989 1381 In
1034 1343 1128 1382 leua
1170 1343 1260 1382 eius
1303 1343 1442 1395 primo
1481 1343 1575 1383 loco
1617 1343 1777 1383 residet

326 1408 603 1448 cancellarius
647 1410 813 1449 ratione
856 1411 981 1450 officii
1019 1412 1097 1461 sui,
1137 1412 1170 1450 si
1212 1412 1364 1451 adesse
1401 1425 1496 1450 eum
1536 1412 1814 1464 contigerit,5

326 1484 425 1528 post
458 1477 569 1517 hunc
604 1478 724 1517 miles
757 1479 978 1531 gregarius
1013 1493 1141 1531 quem
1180 1480 1547 1519 constabularium
1582 1480 1777 1528 dicimus,
1799 1488 1819 1516 1²

328 1552 425 1596 post
464 1546 576 1586 hunc
608 1547 695 1585 duo
724 1549 959 1595 camerarii,
997 1549 1110 1600 prior
1143 1555 1289 1588 autem
1323 1548 1395 1600 qui
1433 1549 1589 1588 intuitu
1624 1562 1778 1600 proue-

325 1614 469 1653 ctioris·
497 1615 624 1654 etatis
646 1616 932 1656 venerabilior
959 1631 1049 1656 esse
1072 1617 1300 1665 videbitur,
1324 1624 1422 1669 post
1449 1618 1527 1657 hos
1556 1617 1677 1657 miles
1704 1619 1776 1670 qui

327 1683 454 1733 vulgo
479 1684 635 1723 (licitur
678 1685 967 1724 marescallus.
1033 1685 1284 1726 Inseruntur
1324 1693 1472 1724 tamen
1514 1686 1777 1737 quandoque

325 1751 394 1790 alii
421 1753 499 1791 hiis
523 1752 770 1792 absentibus
798 1753 864 1792 vel
890 1753 997 1793 forte
1024 1754 1082 1793 eis
1110 1754 1381 1806 presentibus
1405 1754 1437 1793 si
1468 1761 1589 1793 tanta
1613 1754 1777 1794 scilicet
1800 1768 1837 1789 10

326 1820 451 1860 fuerit
477 1822 710 1861 auctoritas
737 1835 885 1862 eorum
910 1821 982 1873 qui
1006 1836 1029 1862 a
1054 1836 1152 1873 rege
1184 1822 1455 1862 destinantur
1477 1830 1521 1862 vt
1545 1823 1602 1862 eis
1626 1824 1777 1862 cedere

326 1890 545 1935 debeant;
579 1896 620 1928 et
653 1890 731 1930 hec
763 1897 827 1930 est
861 1890 1089 1942 dispositio
1123 1891 1248 1943 primi
1282 1889 1442 1930 sedilis,
1508 1891 1556 1929 In
1585 1892 1776 1931 secundo

325 1972 423 1998 vero
447 1960 560 2010 quod
587 1965 649 1997 est
673 1959 726 1997 ad
752 1958 862 1997 latus
881 1958 1163 2009 longitudinis
1182 1959 1379 1998 scaccarii
1405 1959 1445 1997 in
1466 1960 1607 2011 primo
1633 1959 1777 2010 capite

325 2027 483 2066 residet
506 2026 681 2067 clericus
700 2026 767 2066 vel
790 2026 895 2066 alius
914 2028 1104 2066 seruiens
1122 2027 1455 2067 camerariorum
1476 2041 1572 2067 cum
1594 2028 1777 2067 recautis

323 2096 403 2136 hoc
428 2102 491 2134 est
515 2109 611 2135 cum
639 2094 916 2135 contrataleis
940 2095 992 2134 de
1024 2102 1210 2148 recepta,
1233 2103 1331 2148 post
1360 2095 1485 2143 hunc,
1510 2096 1775 2148 interpositis
1799 2109 1834 2140 15

324 2164 584 2215 quibusdam
621 2163 693 2215 qui
737 2177 823 2204 non
870 2178 926 2203 ex
965 2163 1107 2205 officio
1145 2165 1335 2205 resident
1376 2171 1440 2204 set
1477 2171 1576 2204 sunt
1619 2178 1642 2204 a
1677 2178 1776 2216 rege

324 2233 455 2281 missi,
478 2232 595 2273 locus
618 2240 682 2273 est
706 2233 827 2284 quasi
852 2233 892 2272 in
917 2233 1061 2273 medio
1084 2233 1228 2273 lateris
1250 2234 1453 2273 scaccarii
1477 2233 1535 2272 illi
1561 2234 1631 2285 qui
1656 2246 1775 2272 com-

322 2310 449 2354 potos
473 2302 687 2353 positione
714 2302 837 2354 ponit
864 2301 1125 2342 calculorum
1149 2316 1157 2351 ;
1193 2308 1292 2354 post
1316 2300 1428 2341 hunc
1453 2301 1584 2354 aliqui
1608 2315 1693 2341 non
1718 2316 1774 2341 ex

321 2370 461 2410 officio
485 2370 708 2411 necessarii
727 2378 872 2411 tamen
896 2377 938 2411 et
957 2370 998 2410 in
1018 2370 1101 2410 fine
1119 2369 1263 2410 sedilis
1282 2370 1394 2410 illius
1418 2371 1576 2411 residet
1600 2371 1775 2411 clericus

322 2439 393 2490 qui
417 2439 645 2491 scriptorio
675 2446 819 2492 preest
846 2446 888 2480 et
918 2439 986 2480 hic
1018 2453 1074 2479 ex
1104 2439 1255 2480 officio.
1344 2439 1417 2480 Sic
1440 2439 1573 2479 habes
1596 2440 1774 2480 secundi
1799 2453 1811 2474 2

323 2508 467 2546 scanni
492 2508 837 2561 dispositionem.
883 2508 1047 2548 Verum
1066 2509 1120 2548 ad
1144 2508 1348 2548 dextram
1377 2508 1634 2561 presidentis
1658 2508 1776 2548 iusti-

1818 2454 1837 2473 O

322 2576 432 2616 tiarii
476 2577 634 2616 residet
682 2577 823 2629 primo
866 2577 962 2618 loco
1014 2591 1128 2617 nunc
1179 2576 1494 2617 VVintoniensis
1546 2577 1776 2630 episcopus

321 2646 543 2695 quondam
580 2646 845 2686 Pictauensis
876 2646 1207 2685 archidiaconus
1242 2658 1298 2685 ex
1330 2645 1470 2685 officio
1500 2646 1675 2697 quidem
1711 2652 1776 2685 set

326 2727 379 2753 ex
405 2713 574 2753 nouella
590 2715 911 2762 constitutione,
926 2722 972 2755 vt
991 2714 1151 2755 scilicet
1175 2714 1400 2767 proximus
1429 2714 1483 2754 sit
1506 2714 1775 2754 thesaurario

322 2789 363 2821 et
397 2782 604 2833 scripture
637 2782 766 2821 rotuli
799 2783 1031 2834 diligenter
1063 2783 1274 2822 intendat.
1339 2782 1441 2821 Post
1474 2781 1587 2821 hunc
1618 2782 1775 2823 residet
1798 2796 1833 2827 25

323 2850 612 2890 thesaurarius
636 2851 676 2889 in
703 2851 845 2903 capite
868 2852 1056 2891 secunde
1078 2851 1191 2890 sedis
1218 2850 1259 2889 in
1283 2851 1477 2898 dextera,
1502 2850 1567 2890 cui
1591 2850 1772 2903 diligen-

322 2920 489 2958 tissima
513 2932 612 2958 cura
631 2926 696 2959 est
715 2933 791 2971 per
809 2919 976 2971 singula
994 2933 1078 2971 que
1098 2919 1181 2958 illic
1198 2925 1404 2972 geruntur
1422 2919 1544 2970 quasi
1565 2920 1773 2959 rationem

322 2989 375 3028 de
398 2988 478 3027 hiis
501 2988 705 3027 omnibus
729 2988 762 3027 si
791 2988 1029 3041 oportuerit
1052 2988 1286 3028 reddituro.
1351 2988 1454 3027 Post
1480 2987 1593 3028 hunc
1617 2988 1775 3028 residet

324 3056 500 3097 clericus
538 3056 628 3095 eius
664 3056 849 3108 scriptor
880 3055 1008 3097 rotuli
1046 3056 1099 3095 de
1136 3056 1349 3096 thesauro.
1383 3062 1481 3107 post
1518 3055 1629 3096 hune
1666 3055 1774 3095 alius

321 3126 503 3178 scriptor
532 3124 659 3164 rotuli
690 3126 743 3164 de
773 3124 1042 3174 cancellaria,
1064 3130 1163 3177 post
1193 3124 1305 3164 hunc
1332 3124 1509 3164 clericus
1532 3124 1773 3164 cancellarii
1795 3137 1836 3167 30

319 3194 390 3247 qui
427 3193 598 3234 oculata
631 3193 714 3233 fide
746 3206 916 3246 semper
948 3194 1157 3246 prospicit
1190 3200 1234 3233 vt
1268 3192 1431 3233 rotulus
1464 3206 1564 3232 suus
1596 3192 1666 3232 alii
1701 3199 1819 3245 pere*

317 3263 488 3315 singula
512 3263 774 3315 respondeat
790 3268 834 3301 vt
858 3275 935 3302 nec
959 3263 1046 3301 iota
1069 3276 1200 3301 vnum
1225 3262 1335 3301 desit
1359 3275 1435 3301 nec
1454 3262 1563 3301 alius
1586 3262 1639 3301 sit
1664 3262 1774 3301 ordo

319 3332 544 3381 scribendi,
562 3337 661 3383 post
682 3331 795 3371 hunc
819 3330 940 3383 quasi
961 3330 1002 3369 in
1021 3330 1104 3370 fine
1122 3330 1266 3370 sedilis
1285 3330 1394 3369 illius
1419 3331 1574 3370 residet
1593 3330 1774 3371 clericus

322 3400 646 3449 constabularie‚
670 3413 852 3452 magnus
886 3399 1062 3451 quidem
1096 3405 1137 3439 et
1166 3399 1381 3438 officiosus
1404 3398 1444 3438 in
1473 3398 1639 3438 domini
1664 3399 1773 3452 regis

321 3468 437 3508 curia
461 3475 500 3507 et
524 3468 592 3507 hic
615 3468 789 3520 quidem
816 3468 982 3508 habens
1004 3467 1190 3507 officium
1221 3467 1338 3518 quod
1363 3480 1439 3519 per
1467 3480 1512 3506 se
1536 3468 1678 3519 ipsum
1704 3467 1772 3508 vel
1795 3480 1831 3511 35

370 3565 384 3600 3
414 3557 600 3600 contingat
619 3558 665 3591 N
771 3566 789 3599 7
817 3564 945 3601 postea.
962 3557 1007 3591 N
1110 3566 1129 3600 9
1159 3558 1398 3590 Inseruuntur
1415 3557 1449 3590 R
1557 3558 1597 3591 16
1624 3557 1772 3602 quibus-

323 3604 407 3637 dam
426 3605 460 3636 [ι’
478 3615 590 3637 coma:
620 3604 750 3649 quibus
772 3605 876 3639 CNA’
994 3612 1044 3645 17,
1069 3606 1108 3637 18
1136 3610 1308 3647 compoto
1326 3604 1360 3636 R
1471 3606 1509 3638 18
1536 3604 1637 3649 ponit
1657 3616 1724 3638 om.
1746 3605 1775 3638 C

324 3660 364 3693 19
391 3658 425 3683 et
445 3662 512 3684 om.
533 3652 578 3683 N
664 3661 706 3694 23
734 3650 912 3686 archid’n’
931 3651 966 3684 R
1062 3655 1146 3684 (mle
1164 3662 1206 3684 ex
1224 3650 1308 3683 add.
1327 3661 1400 3683 non
1419 3651 1465 3684 N
1557 3652 1600 3686 26
1627 3651 1730 3686 cuius
1747 3652 1777 3685 C

318 3706 359 3741 31
389 3698 533 3732 oculata
552 3697 818 3732 Licbermann:
851 3699 994 3733 occulta
1012 3698 1109 3732 codd.
1205 3697 1403 3742 prospiciat
1425 3698 1455 3732 C
