2022 3281
413 182 494 228 1132
897 172 984 214 DE
1016 168 1373 215 SCACCARIO
1681 171 1738 230 [11
1762 174 1808 215 ix
1830 180 1858 215 Β

409 300 461 327 ac
491 285 694 328 distincte
729 284 938 326 scribetur
978 285 1060 325 ‘de
1095 284 1256 325 veteri'
1293 285 1336 326 in
1374 285 1585 340 principio
1626 292 1671 328 et
1711 300 1859 328 conse-

412 361 593 408 quenter
614 359 622 377 ⁶
641 354 694 396 de
715 351 856 395 noua.’
927 353 1005 394 Ad
1026 351 1105 393 hec
1127 353 1297 393 noueris
1323 360 1539 395 mutatum
1559 355 1858 396 vicecomitem

412 424 468 464 de
507 422 631 464 firma
670 422 804 463 veteri
839 421 1206 462 summouendum
1250 421 1361 463 sicut
1399 423 1638 475 quemlibet
1678 422 1859 464 aliorum

412 491 674 541 debitorum,
696 503 780 531 non
802 491 859 531 de
880 495 1003 543 parte
1025 489 1115 529 eius
1139 496 1205 531 set
1226 490 1281 531 de
1305 490 1503 531 vniuerso
1523 492 1625 545 quia
1650 491 1774 532 firma
1795 496 1861 531 est

375 569 393 600 5
415 561 533 601 cuius
560 559 718 601 solutio
746 557 903 600 differri
927 571 1013 598 non
1035 557 1199 608 2debet;
1230 565 1297 599 set
1322 558 1519 600 debitum
1544 559 1667 601 firme
1693 560 1861 608 veteris,

413 643 500 682 quo
520 635 693 670 tenetur
714 628 748 668 is
770 627 844 681 qui
864 626 1006 668 adhuc
1025 627 1255 676 ministrat,
1277 627 1433 669 sufficit
1454 628 1535 669 sub
1552 628 1633 669 hoc
1655 634 1860 682 pretextu

413 697 645 738 verborum
671 696 986 737 summonuisse
1012 695 1243 749 ‘quicquid
1269 697 1402 737 debes
1427 697 1483 737 de
1509 697 1643 737 veteri
1673 696 1797 737 firma
1819 701 1863 738 et

415 764 553 806 noua’
591 765 646 806 de
681 777 769 817 quo
804 765 909 805 satis
945 765 1241 817 supradictum
1276 771 1341 806 est
1383 763 1448 822 [in
1491 765 1618 807 titulo
1654 766 1709 806 de
1744 779 1861 806 sum-

366 825 763 900 }monitionibus}
822 833 924 874 Post
955 832 1036 874 hec
1066 838 1225 884 autem,
1254 834 1370 875 facto
1401 833 1628 875 interuallo
1658 834 1778 887 quasi
1809 833 1862 875 vi.

356 921 395 943 10
417 902 636 952 linearum,
665 901 858 956 sequitur
891 907 1120 955 compotus
1150 903 1206 943 de
1237 903 1538 944 excidentibus
1569 909 1613 944 et
1643 902 1863 956 occupatis

415 971 534 1024 quod
570 984 649 1011 nos
689 970 887 1012 vsitatius
923 971 1106 1011 dicimus
1142 971 1197 1012 de
1235 972 1522 1025 propresturis
1560 979 1603 1013 et
1639 971 1864 1013 eschaetis.

417 1040 468 1080 In
511 1039 656 1080 medio
686 1039 863 1092 quidem
904 1039 1017 1081 linee
1047 1039 1097 1081 fit
1128 1040 1372 1093 prenotatio
1406 1039 1560 1081 litteris
1596 1040 1864 1094 capitalibus,

417 1109 493 1149 DE
526 1117 887 1150 PROPRESTURIS
909 1118 970 1149 ET
1000 1117 1255 1159 ESCAETIS;
1288 1109 1331 1150 in
1362 1110 1505 1163 capite
1529 1123 1630 1150 vero
1655 1109 1865 1150 inferioris

416 1178 477 1219 sic
507 1178 724 1228 scribitur,
744 1181 752 1198 ‘
772 1177 896 1218 Idem
928 1178 1170 1218 vicecomes
1201 1178 1345 1220 reddit
1375 1184 1628 1231 compotum
1655 1179 1710 1220 de
1740 1177 1866 1219 firma

358 1264 397 1295 15
417 1252 792 1300 propresturarum
823 1252 868 1286 et
894 1252 1174 1299 escaetarum‚
1195 1247 1357 1288 scilicet
1388 1248 1444 1289 de
1473 1262 1518 1288 X.
1547 1246 1666 1288 libris
1697 1249 1752 1289 de
1781 1246 1865 1288 hoc

418 1323 462 1357 et
489 1329 567 1356 xx.
596 1314 716 1355 libris
738 1316 793 1356 de
818 1312 916 1365 i110,'
948 1322 989 1356 et
1012 1316 1072 1356 ita
1100 1315 1304 1368 deinceps
1331 1315 1440 1357 sicut
1462 1329 1519 1356 ex
1547 1315 1692 1357 rotulo
1723 1315 1865 1369 perlu-

417 1384 646 1425 strantium
677 1384 866 1425 iudicum
894 1390 995 1424 ante
1024 1391 1289 1438 conceptum
1323 1390 1388 1425 est
1417 1384 1460 1425 in
1492 1384 1647 1433 annali,
1671 1384 1866 1426 ‘summa

418 1465 451 1492 c.
483 1450 614 1493 libre.’
677 1452 849 1493 Dehinc
890 1453 932 1493 in
966 1452 1049 1493 fine
1090 1453 1283 1494 eiusdem
1316 1452 1440 1503 linee‚
1468 1452 1540 1493 vbi
1580 1466 1752 1495 summa
1786 1460 1864 1504 est,

417 1520 619 1562 scribitur
655 1521 734 1562 ‘In
775 1521 977 1562 thesauro
1013 1536 1091 1562 xx.
1129 1521 1259 1563 libras
1300 1521 1343 1562 in
1378 1528 1445 1563 tot
1485 1522 1608 1563 taleis
1651 1528 1694 1563 et
1735 1521 1865 1563 debet

361 1607 401 1628 20
418 1596 571 1643 quater
597 1604 675 1631 xx.
698 1589 853 1632 libras’
874 1590 942 1631 vel
964 1594 973 1609 ‘
988 1590 1040 1631 In
1061 1589 1265 1631 thesauro
1287 1590 1488 1631 liberauit
1515 1596 1559 1631 et
1580 1591 1751 1643 quietus
1772 1588 1861 1632 est?

419 1658 588 1700 Horum
601 1665 747 1700 autem
761 1658 1085 1700 scribendorum
1099 1659 1295 1700 ordinem
1311 1659 1449 1713 magis
1464 1659 1633 1700 oculata
1641 1659 1864 1713 fidequam

417 1726 647 1767 verborum
669 1727 941 1781 quantalibet
962 1734 1271 1782 argumentosa
1292 1727 1578 1780 descriptione
1600 1741 1845 1781 cognosces.

472 1794 731 1848 Disczpulus.
793 1795 891 1849 Que
912 1796 998 1837 sint
1019 1796 1098 1836 hec
1121 1796 1367 1837 excidentia
1387 1795 1455 1837 vel
1477 1802 1687 1850 occupata
1709 1802 1752 1837 et
1780 1809 1867 1849 qua

416 1864 585 1905 ratione
607 1864 711 1905 fisco
732 1865 990 1918 proueniant
1011 1865 1092 1905 nisi
1115 1864 1284 1918 plenius
1307 1866 1525 1918 aperueris
1546 1879 1632 1907 non
1657 1865 1797 1906 video.

360 1948 396 1979 25
472 1933 704 1986 stffagister.
765 1931 838 1975 Fit
873 1933 1093 1974 interdum
1135 1947 1213 1988 per
1257 1933 1566 1988 negligentiam
1601 1934 1866 1975 vicecomitis

416 2000 484 2043 vel
515 2002 605 2043 eius
636 2002 942 2053 ministrorum,
963 2002 1032 2043 vel
1063 2003 1195 2043 etiam
1227 2016 1303 2056 per
1334 2003 1634 2044 continuatam
1663 2003 1707 2043 in
1735 2002 1867 2056 longa

415 2077 614 2125 tempora
635 2070 836 2113 bellicam
862 2077 1188 2125 tempestatem,
1209 2077 1257 2112 vt
1281 2071 1531 2113 habitantes
1552 2085 1688 2126 prope
1709 2071 1866 2113 fundos

416 2139 488 2193 qui
522 2152 680 2181 corone
715 2140 1053 2182 annominantur
1089 2139 1282 2193 aliquam
1318 2154 1467 2181 eorum
1505 2140 1750 2193 portionem
1785 2141 1867 2182 sibi

414 2215 623 2263 vsurpent
663 2215 707 2250 et
745 2209 832 2250 suis
873 2209 1218 2263 possessionibus
1256 2209 1486 2250 ascribant.
1567 2209 1680 2251 Cum
1719 2215 1866 2250 autem

356 2290 398 2319 30
414 2276 720 2330 perlustrantes
735 2277 895 2320 iudices
912 2292 988 2332 per
1000 2285 1321 2320 sacramentum
1340 2277 1656 2331 legittimorum
1673 2278 1864 2319 virorum

414 2346 493 2388 hec
513 2346 889 2400 deprehenderint,
904 2361 1099 2389 seorsum
1120 2362 1146 2388 a
1163 2346 1288 2388 firma
1305 2347 1539 2388 comitatus
1561 2346 1866 2400 appreciantur

368 2426 397 2456 B
416 2420 458 2455 et
486 2415 812 2457 vicecomitibus
842 2416 1077 2458 traduntur
1106 2422 1154 2457 vt
1184 2415 1240 2456 de
1272 2415 1432 2456 eisdem
1463 2428 1655 2456 seorsum
1686 2428 1866 2469 respon-

414 2483 570 2535 deant;
601 2490 644 2526 et
669 2484 749 2526 hec
775 2484 956 2526 dicimus
986 2481 1333 2538 ‘propresturas'
1361 2483 1429 2525 vel
1451 2482 1712 2537 ‘occupata.'
1766 2483 1868 2537 Que¹

415 2551 590 2603 quidem
632 2564 730 2593 cum
771 2552 1170 2607 deprehenduntur,
1198 2566 1224 2594 a
1259 2551 1592 2607 possessoribus,
1624 2552 1735 2594 sicut
1768 2566 1866 2606 pre-

464 2688 485 2714 2
509 2691 606 2715 noua
623 2682 789 2716 Madox:
816 2693 912 2718 novo
931 2683 1038 2718 CNR
1166 2683 1186 2717 8
1204 2680 1293 2728 quo]
1307 2692 1380 2727 qua
1393 2682 1441 2716 N
1569 2690 1609 2725 17
1629 2679 1864 2727 conceptum]

415 2726 590 2770 scripturn
608 2728 638 2762 C
729 2738 775 2763 20
791 2728 935 2774 quater]
949 2735 1129 2776 quantum
1141 2730 1189 2764 N
1270 2738 1313 2763 22
1332 2727 1525 2773 cognoscis
1545 2729 1576 2764 C
1661 2739 1705 2774 23
1732 2734 1817 2763 sunt
1837 2728 1869 2763 C

416 2773 460 2808 28
485 2772 608 2818 aliqua
623 2774 670 2808 N
756 2784 798 2818 31
828 2776 896 2811 hec
917 2787 985 2811 om.
1007 2777 1037 2811 C
1127 2774 1338 2820 comitatus]
1357 2775 1580 2811 comitantur
1596 2777 1631 2811 R
1732 2786 1863 2821 appre-

417 2820 562 2854 ciantur
578 2830 646 2855 om.
663 2821 698 2854 R
793 2831 836 2866 34
863 2822 961 2868 curn]
981 2823 1069 2858 dum
1087 2824 1122 2858 R
1215 2822 1573 2868 comprehenduntur
1588 2824 1623 2858 R
