2022 3281
397 159 480 198 160
883 157 968 197 DE
1001 155 1365 199 SCACCARIO
1571 155 1628 215 [ΙΙ
1651 158 1790 199 xxviii
1811 168 1844 199 A

394 270 528 311 daret.
590 269 669 311 Set
696 282 721 310 a
748 267 1029 323 prudentibus
1055 259 1098 308 et
1126 266 1231 320 legis
1259 267 1405 309 diuine
1430 269 1578 322 peritis
1604 270 1844 323 perniciosa

392 339 496 380 satis
532 339 624 379 visa
658 344 724 379 est
759 337 987 387 subtilitas,
1023 349 1121 376 cum
1158 336 1291 377 semel
1327 336 1457 377 fidem
1494 337 1663 379 dederit
1701 353 1748 380 se
1783 337 1842 378 le-

391 408 595 460 gitimum
630 420 707 461 per
740 406 887 447 omnia
920 409 1186 458 compotum,
1219 403 1341 445 salua
1374 406 1647 458 conscientia,
1680 407 1843 448 fecisse.

392 475 460 515 Ea
495 481 674 528 propter
707 475 786 515 hec
822 473 1032 514 sententia
1063 479 1164 526 post
1199 472 1419 514 modicum
1453 474 1606 515 meruit
1636 488 1734 516 cum
1764 487 1843 516 suo

353 562 371 593 5
391 549 567 585 auctore
588 543 839 596 contempni
859 547 902 582 et
923 555 1008 582 vna
1028 540 1128 591 fide,
1153 541 1236 582 hoc
1261 547 1326 582 est
1353 542 1485 583 semel
1512 543 1626 593 data,
1647 542 1844 584 contenti

390 618 502 660 sunt,
524 611 626 664 quia
649 612 690 650 in
711 610 835 650 vnius
857 608 956 649 fidei
980 608 1247 650 confessione
1267 622 1399 650 vnum
1422 616 1535 650 sunt.

445 677 703 731 Dz'scz'pulus.
758 677 910 719 Sentio
933 677 1018 717 iam
1039 676 1276 730 languente
1297 677 1398 717 stilo
1419 678 1538 731 quod
1558 678 1842 720 dicendorum

389 747 485 788 finis
515 748 668 788 adesse
698 745 885 787 festinat.
947 745 1126 794 Verum,
1159 746 1260 787 licet
1288 746 1490 787 instantis
1521 747 1659 787 noctis
1690 760 1842 801 crepu-

387 815 552 856 sculum
585 821 629 856 et
659 813 943 868 productioris
980 815 1124 867 operis
1160 813 1284 855 labor
1315 814 1529 867 prolixior
1559 815 1615 855 ad
1644 814 1731 856 alia
1761 828 1842 856 nos

330 899 369 922 10
387 890 568 925 euocent
599 889 642 924 et
673 882 914 937 paullulum
950 883 1159 936 respirare
1190 882 1466 936 compellant,
1496 882 1652 923 vellem
1683 890 1843 933 tamen,

387 951 420 992 si
457 951 547 992 fieri
584 958 742 1006 posset,
775 957 823 992 vt
857 964 1129 1004 suspensam,
1159 958 1204 993 et
1239 951 1447 993 hactenus
1479 950 1762 992 fluctuantem
1799 952 1843 993 in

385 1019 517 1061 verbo
539 1026 626 1068 tuo,
648 1019 846 1073 discipuli
868 1020 929 1060 tui
951 1026 1143 1061 mentem
1170 1019 1459 1070 confirmares,
1481 1020 1714 1060 ostendens
1736 1021 1842 1073 quid

384 1088 452 1137 sit,
473 1088 592 1140 quod
620 1088 675 1128 ab
704 1088 827 1129 initio
855 1089 1021 1129 dixisse
1045 1095 1090 1130 te
1116 1088 1270 1138 recolo,
1291 1095 1433 1130 totam
1455 1088 1619 1129 scilicet
1640 1088 1843 1129 scaccarii

385 1158 715 1211 discriptionem
759 1158 947 1210 quedem
989 1170 1083 1197 esse
1122 1163 1494 1198 sacramentorum
1535 1157 1717 1197 latibula
1756 1170 1842 1210 que

327 1238 365 1271 15
386 1226 618 1267 reuelanda
653 1232 751 1267 sunt
787 1239 886 1266 cum
924 1225 1119 1266 omnium
1151 1225 1248 1266 libri
1283 1226 1423 1279 aperti
1462 1231 1588 1266 erunt
1630 1231 1672 1266 et
1713 1225 1842 1266 ianua

384 1295 542 1336 clausa.

440 1363 672 1416 Magister.
733 1362 948 1416 Magnum
985 1367 1050 1402 est
1081 1361 1199 1415 quod
1235 1362 1378 1415 queris
1414 1368 1458 1402 et
1493 1361 1666 1402 alterius
1707 1374 1840 1414 egens

338 1437 366 1468 B
384 1431 684 1484 inquisitionis,
709 1443 789 1471 nec
819 1430 884 1470 his
916 1430 1189 1483 exponendis
1219 1443 1277 1470 ex
1309 1430 1524 1484 promisso
1555 1430 1730 1471 debitor
1760 1431 1840 1472 tibi

384 1499 522 1541 factus
553 1513 661 1540 sum.
724 1499 808 1540 His
841 1499 971 1552 igitur
1000 1499 1057 1539 ad
1087 1511 1263 1552 presens
1292 1499 1552 1551 supersedeo
1588 1499 1629 1539 in
1664 1498 1839 1539 alterius

325 1583 366 1605 20
384 1568 465 1609 diei
492 1567 835 1622 disputationem
859 1567 1011 1608 eadem
1039 1580 1272 1608 reseruans.
1331 1567 1494 1608 Vereor
1515 1567 1692 1620 quidem
1714 1580 1780 1618 ne,
1801 1567 1838 1609 si

383 1636 577 1689 pluribus
605 1642 783 1677 onerato
811 1648 969 1676 nouam
999 1636 1212 1677 sarcinam
1242 1635 1520 1688 imponerem,
1543 1635 1623 1675 sub
1645 1635 1837 1689 pondere

382 1704 598 1745 deficeres.
662 1705 774 1744 Item
810 1704 846 1744 si
882 1704 967 1744 iam
1001 1703 1128 1744 dictis
1162 1709 1205 1744 et
1239 1704 1447 1744 memorie
1477 1704 1838 1744 commendandis

382 1787 593 1814 nouarum
615 1786 757 1814 rerum
779 1773 925 1813 studia
945 1785 1210 1822 consuerem,
1232 1778 1413 1825 Vtraque
1433 1778 1476 1812 te
1498 1772 1691 1812 fastidire
1716 1785 1835 1813 com-

381 1842 599 1895 pellerem.
679 1841 924 1882 Contentus
969 1853 1072 1894 ergo
1118 1839 1205 1881 iam
1252 1839 1378 1881 dictis
1417 1847 1509 1881 esto
1549 1840 1605 1880 ad
1645 1854 1730 1893 que
1768 1854 1837 1881 me

322 1919 361 1951 25
381 1911 573 1963 coegisti.
636 1910 788 1950 Habes
824 1909 938 1949 enim
975 1908 1019 1949 in
1054 1908 1134 1956 his,
1168 1913 1380 1960 quantum
1413 1908 1585 1948 madide
1616 1922 1662 1948 se
1694 1909 1837 1962 potuit

380 1978 535 2020 offerre
566 1978 786 2027 memorie,
815 1990 1089 2030 quecumque
1119 1976 1229 2017 circa
1261 1976 1460 2018 scaccarii
1497 1976 1721 2018 scientiam
1757 1990 1836 2030 po-

379 2047 489 2088 tiora
512 2047 593 2088 tibi
613 2048 705 2088 visa
729 2052 841 2097 sunt,
865 2045 1086 2087 initialiter
1106 2049 1327 2098 vtcunque
1347 2044 1568 2086 distincta.
1632 2043 1836 2086 Ceterum

379 2116 435 2157 ad
464 2115 648 2169 singula,
672 2129 757 2169 que
785 2120 926 2156 tractu
956 2113 1163 2167 temporis
1184 2112 1317 2154 videri
1346 2119 1552 2166 poterunt
1581 2113 1835 2163 necessaria,

378 2198 522 2238 vngue
549 2191 675 2226 tenus
703 2183 982 2237 explananda
1011 2196 1088 2223 nec
1113 2182 1249 2223 virtus
1277 2181 1476 2232 hominis,
1497 2194 1574 2222 nec
1595 2181 1686 2223 vita
1712 2182 1835 2231 forte,

320 2260 361 2291 30
379 2254 604 2294 sufficeret.
667 2253 740 2293 Ex
781 2252 907 2293 variis
941 2252 1056 2292 enim
1093 2256 1137 2291 et
1173 2250 1355 2292 insolitis
1397 2250 1568 2291 casibus
1607 2250 1677 2290 vel
1717 2250 1835 2292 nulla

379 2321 455 2364 fiet
484 2321 552 2363 vel
578 2321 720 2363 adhuc
742 2321 964 2375 incognita
990 2318 1243 2374 disciplina3
1272 2318 1387 2359 vnde
1415 2318 1464 2359 fit
1492 2325 1540 2359 vt
1564 2319 1833 2360 detractoriis

380 2389 536 2444 linguis
582 2390 682 2432 hinc
726 2390 872 2444 potius
921 2401 1116 2442 exponar
1160 2389 1281 2438 dum,
1320 2388 1578 2428 succedente
1622 2393 1833 2440 tempore,

381 2457 583 2511 pleraque
624 2458 758 2500 dubia
801 2458 988 2499 necdum
1032 2456 1182 2498 audita
1222 2455 1405 2509 proponi
1444 2455 1683 2508 continget.
1763 2455 1833 2496 De

380 2527 537 2579 quibus
570 2533 646 2568 aut
680 2526 979 2568 consimilibus
1012 2538 1111 2566 cum
1145 2524 1214 2566 hic
1245 2524 1306 2564 nil
1337 2524 1590 2572 inuenerint,
1624 2523 1832 2578 incipiant

322 2610 362 2643 35
382 2594 574 2644 illudere,
596 2595 803 2644 dicentes,
823 2594 917 2635 ‘hic
944 2594 1080 2635 homo
1109 2592 1223 2647 cepit
1251 2591 1452 2633 edificare
1482 2597 1525 2632 et
1556 2604 1642 2632 non
1673 2591 1830 2645 potuit,

428 2724 450 2758 4
475 2715 629 2751 scientia
644 2717 680 2751 R
845 2724 862 2761 5
890 2727 1016 2751 amore
1034 2716 1069 2749 R
1241 2715 1261 2749 8
1285 2713 1406 2749 noctis
1424 2724 1491 2748 om.
1510 2714 1545 2747 R
1693 2722 1716 2756 9
1740 2711 1827 2757 alia]

381 2761 443 2843 ἕξει
451 2763 552 2843 gem
569 2809 604 2842 R
674 2772 727 2807 11,
746 2772 785 2798 12
812 2762 849 2798 in
867 2789 875 2798 .
894 2789 902 2798 .
921 2789 930 2798 .
947 2769 1110 2798 mentem
1127 2772 1197 2796 om.
1215 2761 1251 2796 R
1437 2761 1482 2795 26
1507 2759 1712 2806 quicunque
1728 2760 1828 2795 codd.
