<?xml version="1.0" encoding="UTF-8"?>
<!DOCTYPE html PUBLIC "-//W3C//DTD XHTML 1.0 Transitional//EN"
    "http://www.w3.org/TR/xhtml1/DTD/xhtml1-transitional.dtd">
<html xmlns="http://www.w3.org/1999/xhtml" xml:lang="en" lang="en">
 <head>
  <title>
</title>
<meta http-equiv="Content-Type" content="text/html;charset=utf-8" />
  <meta name='ocr-system' content='tesseract 3.04.00' />
  <meta name='ocr-capabilities' content='ocr_page ocr_carea ocr_par ocr_line ocrx_word'/>
</head>
<body>
  <div class='ocr_page' id='page_1' title='image "./denecessariisobs00fitzuoft_0158.png"; bbox 0 0 2912 4368; ppageno 0'>
   <div class='ocr_carea' id='block_1_1' title="bbox 0 936 949 3669">
    <p class='ocr_par' dir='ltr' id='par_1_1' title="bbox 0 936 949 3669">
     <span class='ocr_line' id='line_1_1' title="bbox 0 936 280 1025; baseline 0 0"><span class='ocrx_word' id='word_1_1' title='bbox 0 936 280 1025; x_wconf 95' lang='lat' dir='ltr'>   </span> 
     </span>
     <span class='ocr_line' id='line_1_2' title="bbox 0 1025 280 1340; baseline 0 -206"><span class='ocrx_word' id='word_1_2' title='bbox 0 1025 280 1340; x_wconf 95' lang='lat' dir='ltr'>    </span> 
     </span>
     <span class='ocr_line' id='line_1_3' title="bbox 0 1340 278 1473; baseline 0 -90"><span class='ocrx_word' id='word_1_3' title='bbox 0 1340 278 1473; x_wconf 95' lang='lat' dir='ltr'>  </span> 
     </span>
     <span class='ocr_line' id='line_1_4' title="bbox 0 1473 278 1539; baseline 0 2829"><span class='ocrx_word' id='word_1_4' title='bbox 0 1473 278 1539; x_wconf 95' lang='lat' dir='ltr'> </span> 
     </span>
     <span class='ocr_line' id='line_1_5' title="bbox 0 1539 278 1610; baseline 0 2758"><span class='ocrx_word' id='word_1_5' title='bbox 0 1539 278 1610; x_wconf 95' lang='lat' dir='ltr'> </span> 
     </span>
     <span class='ocr_line' id='line_1_6' title="bbox 0 1610 278 1676; baseline 0 2692"><span class='ocrx_word' id='word_1_6' title='bbox 0 1610 278 1676; x_wconf 95' lang='lat' dir='ltr'> </span> 
     </span>
     <span class='ocr_line' id='line_1_7' title="bbox 0 1676 276 1746; baseline 0 2622"><span class='ocrx_word' id='word_1_7' title='bbox 0 1676 276 1746; x_wconf 95' lang='lat' dir='ltr'> </span> 
     </span>
     <span class='ocr_line' id='line_1_8' title="bbox 0 1746 276 1815; baseline 0 2553"><span class='ocrx_word' id='word_1_8' title='bbox 0 1746 276 1815; x_wconf 95' lang='lat' dir='ltr'> </span> 
     </span>
     <span class='ocr_line' id='line_1_9' title="bbox 0 1815 276 2005; baseline 0 -50"><span class='ocrx_word' id='word_1_9' title='bbox 0 1815 276 2005; x_wconf 95' lang='lat' dir='ltr'>   </span> 
     </span>
     <span class='ocr_line' id='line_1_10' title="bbox 0 2005 276 2090; baseline 0 0"><span class='ocrx_word' id='word_1_10' title='bbox 0 2005 276 2090; x_wconf 95' lang='lat' dir='ltr'>   </span> 
     </span>
     <span class='ocr_line' id='line_1_11' title="bbox 0 2090 274 2279; baseline 0 -52"><span class='ocrx_word' id='word_1_11' title='bbox 0 2090 274 2279; x_wconf 95' lang='lat' dir='ltr'>   </span> 
     </span>
     <span class='ocr_line' id='line_1_12' title="bbox 0 2279 274 2363; baseline 0 2005"><span class='ocrx_word' id='word_1_12' title='bbox 0 2279 274 2363; x_wconf 95' lang='lat' dir='ltr'> </span> 
     </span>
     <span class='ocr_line' id='line_1_13' title="bbox 0 2363 274 2435; baseline 0 1933"><span class='ocrx_word' id='word_1_13' title='bbox 0 2363 274 2435; x_wconf 95' lang='lat' dir='ltr'> </span> 
     </span>
     <span class='ocr_line' id='line_1_14' title="bbox 0 2435 274 2500; baseline 0 1868"><span class='ocrx_word' id='word_1_14' title='bbox 0 2435 274 2500; x_wconf 95' lang='lat' dir='ltr'> </span> 
     </span>
     <span class='ocr_line' id='line_1_15' title="bbox 0 2500 274 2622; baseline 0 0"><span class='ocrx_word' id='word_1_15' title='bbox 0 2500 274 2622; x_wconf 95' lang='lat' dir='ltr'>  </span> 
     </span>
     <span class='ocr_line' id='line_1_16' title="bbox 0 2622 274 2711; baseline 0 1657"><span class='ocrx_word' id='word_1_16' title='bbox 0 2622 274 2711; x_wconf 95' lang='lat' dir='ltr'> </span> 
     </span>
     <span class='ocr_line' id='line_1_17' title="bbox 0 2711 274 2782; baseline 0 1586"><span class='ocrx_word' id='word_1_17' title='bbox 0 2711 274 2782; x_wconf 95' lang='lat' dir='ltr'> </span> 
     </span>
     <span class='ocr_line' id='line_1_18' title="bbox 0 2782 274 2847; baseline 0 1521"><span class='ocrx_word' id='word_1_18' title='bbox 0 2782 274 2847; x_wconf 95' lang='lat' dir='ltr'> </span> 
     </span>
     <span class='ocr_line' id='line_1_19' title="bbox 0 2847 274 2916; baseline 0 1452"><span class='ocrx_word' id='word_1_19' title='bbox 0 2847 274 2916; x_wconf 95' lang='lat' dir='ltr'> </span> 
     </span>
     <span class='ocr_line' id='line_1_20' title="bbox 0 2916 274 2984; baseline 0 1384"><span class='ocrx_word' id='word_1_20' title='bbox 0 2916 274 2984; x_wconf 95' lang='lat' dir='ltr'> </span> 
     </span>
     <span class='ocr_line' id='line_1_21' title="bbox 0 2984 274 3054; baseline 0 1314"><span class='ocrx_word' id='word_1_21' title='bbox 0 2984 274 3054; x_wconf 95' lang='lat' dir='ltr'> </span> 
     </span>
     <span class='ocr_line' id='line_1_22' title="bbox 0 3054 274 3123; baseline 0 1245"><span class='ocrx_word' id='word_1_22' title='bbox 0 3054 274 3123; x_wconf 95' lang='lat' dir='ltr'> </span> 
     </span>
     <span class='ocr_line' id='line_1_23' title="bbox 0 3123 274 3192; baseline 0 1176"><span class='ocrx_word' id='word_1_23' title='bbox 0 3123 274 3192; x_wconf 95' lang='lat' dir='ltr'> </span> 
     </span>
     <span class='ocr_line' id='line_1_24' title="bbox 0 3192 274 3437; baseline 0 -104"><span class='ocrx_word' id='word_1_24' title='bbox 0 3192 274 3437; x_wconf 95' lang='lat' dir='ltr'>    </span> 
     </span>
     <span class='ocr_line' id='line_1_25' title="bbox 0 3437 949 3669; baseline 0 -49"><span class='ocrx_word' id='word_1_25' title='bbox 0 3437 949 3669; x_wconf 95' lang='lat' dir='ltr'>         </span> 
     </span>
    </p>
   </div>
   <div class='ocr_carea' id='block_1_2' title="bbox 0 0 2912 916">
    <p class='ocr_par' dir='ltr' id='par_1_2' title="bbox 0 0 2912 916">
     <span class='ocr_line' id='line_1_26' title="bbox 0 0 2912 916; baseline 0 0"><span class='ocrx_word' id='word_1_26' title='bbox 0 0 2912 916; x_wconf 95' lang='lat' dir='ltr'> </span> 
     </span>
    </p>
   </div>
   <div class='ocr_carea' id='block_1_3' title="bbox 953 934 2399 995">
    <p class='ocr_par' dir='ltr' id='par_1_3' title="bbox 953 934 2399 995">
     <span class='ocr_line' id='line_1_27' title="bbox 953 934 2399 995; baseline 0 -15"><span class='ocrx_word' id='word_1_27' title='bbox 953 951 1036 981; x_wconf 88' lang='lat'>110</span> <span class='ocrx_word' id='word_1_28' title='bbox 1439 939 1525 979; x_wconf 87' lang='lat' dir='ltr'>DE</span> <span class='ocrx_word' id='word_1_29' title='bbox 1560 936 1920 980; x_wconf 85' lang='lat' dir='ltr'><strong>SCACCARIO</strong></span> <span class='ocrx_word' id='word_1_30' title='bbox 2069 934 2221 995; x_wconf 83' lang='lat' dir='ltr'><strong>[CAPP.</strong></span> <span class='ocrx_word' id='word_1_31' title='bbox 2245 946 2337 978; x_wconf 69' lang='grc' dir='ltr'>ΜΒ.</span> <span class='ocrx_word' id='word_1_32' title='bbox 2362 947 2399 980; x_wconf 87' lang='lat'>11</span> 
     </span>
    </p>
   </div>
   <div class='ocr_carea' id='block_1_4' title="bbox 888 1049 2402 3303">
    <p class='ocr_par' dir='ltr' id='par_1_4' title="bbox 1007 1049 2004 1106">
     <span class='ocr_line' id='line_1_28' title="bbox 1007 1049 2004 1106; baseline -0.003 -13"><span class='ocrx_word' id='word_1_33' title='bbox 1007 1053 1089 1095; x_wconf 92' lang='lat' dir='ltr'><strong>III.</strong></span> <span class='ocrx_word' id='word_1_34' title='bbox 1124 1053 1192 1093; x_wconf 92' lang='lat' dir='ltr'>De</span> <span class='ocrx_word' id='word_1_35' title='bbox 1214 1052 1392 1106; x_wconf 80' lang='lat' dir='ltr'>agendis</span> <span class='ocrx_word' id='word_1_36' title='bbox 1413 1050 1677 1091; x_wconf 80' lang='lat' dir='ltr'>vicecomitis</span> <span class='ocrx_word' id='word_1_37' title='bbox 1701 1049 2004 1103; x_wconf 86' lang='lat' dir='ltr'>multipliciter.</span> 
     </span>
    </p>

    <p class='ocr_par' dir='ltr' id='par_1_5' title="bbox 947 1118 2399 1232">
     <span class='ocr_line' id='line_1_29' title="bbox 1007 1118 2399 1175; baseline -0.003 -13"><span class='ocrx_word' id='word_1_38' title='bbox 1007 1122 1084 1163; x_wconf 91' lang='lat' dir='ltr'>IV.</span> <span class='ocrx_word' id='word_1_39' title='bbox 1117 1121 1287 1175; x_wconf 75' lang='lat' dir='ltr'>Quibus</span> <span class='ocrx_word' id='word_1_40' title='bbox 1328 1121 1383 1160; x_wconf 91' lang='lat' dir='ltr'>de</span> <span class='ocrx_word' id='word_1_41' title='bbox 1423 1118 1563 1159; x_wconf 84' lang='lat' dir='ltr'>causis</span> <span class='ocrx_word' id='word_1_42' title='bbox 1603 1118 1798 1158; x_wconf 86' lang='lat' dir='ltr'>absentia</span> <span class='ocrx_word' id='word_1_43' title='bbox 1836 1118 2098 1160; x_wconf 80' lang='lat' dir='ltr'>vicecomitis</span> <span class='ocrx_word' id='word_1_44' title='bbox 2138 1118 2281 1160; x_wconf 84' lang='lat' dir='ltr'>valeat</span> <span class='ocrx_word' id='word_1_45' title='bbox 2323 1132 2399 1159; x_wconf 81' lang='lat' dir='ltr'>ex·</span> 
     </span>
     <span class='ocr_line' id='line_1_30' title="bbox 947 1190 1097 1232; baseline -0.013 -1"><span class='ocrx_word' id='word_1_46' title='bbox 947 1190 1097 1232; x_wconf 87' lang='lat' dir='ltr'>cusari.</span> 
     </span>
    </p>

    <p class='ocr_par' dir='ltr' id='par_1_6' title="bbox 1005 1253 2398 1311">
     <span class='ocr_line' id='line_1_31' title="bbox 1005 1253 2398 1311; baseline -0.001 -13"><span class='ocrx_word' id='word_1_47' title='bbox 1005 1258 1058 1299; x_wconf 87' lang='lat' dir='ltr'>V.</span> <span class='ocrx_word' id='word_1_48' title='bbox 1092 1258 1211 1311; x_wconf 77' lang='lat' dir='ltr'>Quid</span> <span class='ocrx_word' id='word_1_49' title='bbox 1253 1257 1308 1297; x_wconf 88' lang='lat' dir='ltr'>sit</span> <span class='ocrx_word' id='word_1_50' title='bbox 1353 1255 1567 1308; x_wconf 89' lang='lat' dir='ltr'>quosdam</span> <span class='ocrx_word' id='word_1_51' title='bbox 1613 1253 1771 1295; x_wconf 88' lang='lat' dir='ltr'>fundos</span> <span class='ocrx_word' id='word_1_52' title='bbox 1811 1255 1903 1296; x_wconf 87' lang='lat' dir='ltr'>dari</span> <span class='ocrx_word' id='word_1_53' title='bbox 1950 1254 2142 1304; x_wconf 75' lang='lat' dir='ltr'>blancos,</span> <span class='ocrx_word' id='word_1_54' title='bbox 2183 1256 2398 1309; x_wconf 86' lang='lat' dir='ltr'>quosdam</span> 
     </span>
    </p>

    <p class='ocr_par' dir='ltr' id='par_1_7' title="bbox 912 1334 1143 1367">
     <span class='ocr_line' id='line_1_32' title="bbox 912 1334 1143 1367; baseline -0.004 0"><span class='ocrx_word' id='word_1_55' title='bbox 912 1334 931 1367; x_wconf 84' lang='grc'><strong>5</strong></span> <span class='ocrx_word' id='word_1_56' title='bbox 952 1340 1143 1367; x_wconf 89' lang='lat' dir='ltr'>numero.</span> 
     </span>
    </p>

    <p class='ocr_par' dir='ltr' id='par_1_8' title="bbox 949 1391 2399 1513">
     <span class='ocr_line' id='line_1_33' title="bbox 1006 1391 2399 1446; baseline -0.001 -12"><span class='ocrx_word' id='word_1_57' title='bbox 1006 1395 1084 1435; x_wconf 91' lang='lat' dir='ltr'>VI.</span> <span class='ocrx_word' id='word_1_58' title='bbox 1118 1393 1216 1446; x_wconf 75' lang='lat' dir='ltr'>Que</span> <span class='ocrx_word' id='word_1_59' title='bbox 1239 1393 1326 1433; x_wconf 88' lang='lat' dir='ltr'>sint</span> <span class='ocrx_word' id='word_1_60' title='bbox 1357 1391 1601 1432; x_wconf 80' lang='lat' dir='ltr'>vicecomiti</span> <span class='ocrx_word' id='word_1_61' title='bbox 1634 1392 1941 1444; x_wconf 87' lang='lat' dir='ltr'>computanda,</span> <span class='ocrx_word' id='word_1_62' title='bbox 1962 1391 2195 1433; x_wconf 82' lang='lat' dir='ltr'>elemosine</span> <span class='ocrx_word' id='word_1_63' title='bbox 2226 1392 2399 1442; x_wconf 86' lang='lat' dir='ltr'>scilicet,</span> 
     </span>
     <span class='ocr_line' id='line_1_34' title="bbox 949 1460 2206 1513; baseline -0.002 -9"><span class='ocrx_word' id='word_1_64' title='bbox 949 1463 1127 1509; x_wconf 87' lang='lat' dir='ltr'>decime,</span> <span class='ocrx_word' id='word_1_65' title='bbox 1151 1461 1427 1501; x_wconf 76' lang='lat' dir='ltr'>liberationes</span> <span class='ocrx_word' id='word_1_66' title='bbox 1449 1460 1671 1512; x_wconf 83' lang='lat' dir='ltr'>Vtriusque</span> <span class='ocrx_word' id='word_1_67' title='bbox 1692 1460 1873 1513; x_wconf 81' lang='lat' dir='ltr'>generis,</span> <span class='ocrx_word' id='word_1_68' title='bbox 1895 1466 1938 1500; x_wconf 85' lang='lat' dir='ltr'>et</span> <span class='ocrx_word' id='word_1_69' title='bbox 1959 1465 2070 1500; x_wconf 89' lang='lat' dir='ltr'>terre</span> <span class='ocrx_word' id='word_1_70' title='bbox 2093 1461 2206 1502; x_wconf 90' lang='lat' dir='ltr'>date.</span> 
     </span>
    </p>

    <p class='ocr_par' dir='ltr' id='par_1_9' title="bbox 947 1528 2399 1650">
     <span class='ocr_line' id='line_1_35' title="bbox 1005 1528 2399 1583; baseline -0.002 -13"><span class='ocrx_word' id='word_1_71' title='bbox 1005 1530 1110 1570; x_wconf 92' lang='lat' dir='ltr'><strong>VII.</strong></span> <span class='ocrx_word' id='word_1_72' title='bbox 1145 1528 1243 1582; x_wconf 77' lang='lat' dir='ltr'>Que</span> <span class='ocrx_word' id='word_1_73' title='bbox 1272 1529 1356 1569; x_wconf 87' lang='lat' dir='ltr'>sint</span> <span class='ocrx_word' id='word_1_74' title='bbox 1385 1543 1460 1583; x_wconf 92' lang='lat' dir='ltr'>per</span> <span class='ocrx_word' id='word_1_75' title='bbox 1492 1528 1630 1569; x_wconf 89' lang='lat' dir='ltr'>solam</span> <span class='ocrx_word' id='word_1_76' title='bbox 1660 1528 2018 1569; x_wconf 88' lang='lat' dir='ltr'>consuetudinem</span> <span class='ocrx_word' id='word_1_77' title='bbox 2056 1528 2258 1569; x_wconf 81' lang='lat' dir='ltr'>scaccarii</span> <span class='ocrx_word' id='word_1_78' title='bbox 2288 1528 2399 1569; x_wconf 90' lang='lat' dir='ltr'>vice—</span> 
     </span>
     <span class='ocr_line' id='line_1_36' title="bbox 947 1597 1890 1650; baseline -0.004 -10"><span class='ocrx_word' id='word_1_79' title='bbox 947 1598 1095 1640; x_wconf 89' lang='lat' dir='ltr'>comiti</span> <span class='ocrx_word' id='word_1_80' title='bbox 1118 1598 1426 1650; x_wconf 85' lang='lat' dir='ltr'>computanda‚</span> <span class='ocrx_word' id='word_1_81' title='bbox 1451 1597 1533 1637; x_wconf 93' lang='lat' dir='ltr'>hoc</span> <span class='ocrx_word' id='word_1_82' title='bbox 1557 1603 1620 1637; x_wconf 90' lang='lat' dir='ltr'>est</span> <span class='ocrx_word' id='word_1_83' title='bbox 1643 1598 1734 1637; x_wconf 90' lang='lat' dir='ltr'>sine</span> <span class='ocrx_word' id='word_1_84' title='bbox 1756 1597 1890 1637; x_wconf 84' lang='lat' dir='ltr'>breui.</span> 
     </span>
    </p>

    <p class='ocr_par' dir='ltr' id='par_1_10' title="bbox 891 1665 2402 1845">
     <span class='ocr_line' id='line_1_37' title="bbox 891 1665 2400 1719; baseline -0.002 -11"><span class='ocrx_word' id='word_1_85' title='bbox 891 1679 930 1703; x_wconf 88' lang='lat'>10</span> <span class='ocrx_word' id='word_1_86' title='bbox 1005 1667 1133 1709; x_wconf 91' lang='lat' dir='ltr'><strong>VIII.</strong></span> <span class='ocrx_word' id='word_1_87' title='bbox 1166 1666 1268 1719; x_wconf 75' lang='lat' dir='ltr'>Quo</span> <span class='ocrx_word' id='word_1_88' title='bbox 1302 1666 1454 1707; x_wconf 85' lang='lat' dir='ltr'>ordine</span> <span class='ocrx_word' id='word_1_89' title='bbox 1490 1666 1788 1718; x_wconf 85' lang='lat' dir='ltr'>computanda</span> <span class='ocrx_word' id='word_1_90' title='bbox 1822 1672 1921 1706; x_wconf 90' lang='lat' dir='ltr'>sunt</span> <span class='ocrx_word' id='word_1_91' title='bbox 1957 1665 2200 1706; x_wconf 88' lang='lat' dir='ltr'>vicecomiti</span> <span class='ocrx_word' id='word_1_92' title='bbox 2237 1679 2321 1718; x_wconf 90' lang='lat' dir='ltr'>que</span> <span class='ocrx_word' id='word_1_93' title='bbox 2358 1665 2400 1705; x_wconf 89' lang='lat' dir='ltr'>in</span> 
     </span>
     <span class='ocr_line' id='line_1_38' title="bbox 946 1734 2402 1788; baseline -0.002 -12"><span class='ocrx_word' id='word_1_94' title='bbox 946 1735 1150 1788; x_wconf 87' lang='lat' dir='ltr'>operibus</span> <span class='ocrx_word' id='word_1_95' title='bbox 1182 1734 1310 1776; x_wconf 83' lang='lat' dir='ltr'>missa</span> <span class='ocrx_word' id='word_1_96' title='bbox 1340 1740 1442 1775; x_wconf 87' lang='lat' dir='ltr'>sunt</span> <span class='ocrx_word' id='word_1_97' title='bbox 1467 1747 1544 1787; x_wconf 86' lang='lat' dir='ltr'>per</span> <span class='ocrx_word' id='word_1_98' title='bbox 1575 1735 1707 1775; x_wconf 86' lang='lat' dir='ltr'>breue</span> <span class='ocrx_word' id='word_1_99' title='bbox 1738 1734 1849 1788; x_wconf 79' lang='lat' dir='ltr'>regis</span> <span class='ocrx_word' id='word_1_100' title='bbox 1881 1747 2110 1775; x_wconf 89' lang='lat' dir='ltr'>numerum</span> <span class='ocrx_word' id='word_1_101' title='bbox 2143 1747 2229 1774; x_wconf 88' lang='lat' dir='ltr'>non</span> <span class='ocrx_word' id='word_1_102' title='bbox 2260 1734 2402 1774; x_wconf 86' lang='lat' dir='ltr'>deter—</span> 
     </span>
     <span class='ocr_line' id='line_1_39' title="bbox 946 1806 1128 1845; baseline -0.005 0"><span class='ocrx_word' id='word_1_103' title='bbox 946 1806 1128 1845; x_wconf 87' lang='lat' dir='ltr'>minans.</span> 
     </span>
    </p>

    <p class='ocr_par' dir='ltr' id='par_1_11' title="bbox 948 1871 2401 1984">
     <span class='ocr_line' id='line_1_40' title="bbox 1006 1871 2401 1927; baseline -0.002 -13"><span class='ocrx_word' id='word_1_104' title='bbox 1006 1874 1090 1915; x_wconf 92' lang='lat' dir='ltr'>IX.</span> <span class='ocrx_word' id='word_1_105' title='bbox 1124 1873 1257 1927; x_wconf 75' lang='lat' dir='ltr'>Quod</span> <span class='ocrx_word' id='word_1_106' title='bbox 1286 1886 1373 1914; x_wconf 89' lang='lat' dir='ltr'>non</span> <span class='ocrx_word' id='word_1_107' title='bbox 1403 1871 1645 1913; x_wconf 87' lang='lat' dir='ltr'>absoluitur</span> <span class='ocrx_word' id='word_1_108' title='bbox 1672 1871 1767 1925; x_wconf 91' lang='lat' dir='ltr'>quis</span> <span class='ocrx_word' id='word_1_109' title='bbox 1796 1885 1821 1913; x_wconf 86' lang='lat' dir='ltr'>a</span> <span class='ocrx_word' id='word_1_110' title='bbox 1851 1872 2000 1913; x_wconf 91' lang='lat' dir='ltr'>debito</span> <span class='ocrx_word' id='word_1_111' title='bbox 2029 1885 2106 1925; x_wconf 88' lang='lat' dir='ltr'>per</span> <span class='ocrx_word' id='word_1_112' title='bbox 2131 1872 2263 1912; x_wconf 85' lang='lat' dir='ltr'>breue</span> <span class='ocrx_word' id='word_1_113' title='bbox 2290 1872 2401 1926; x_wconf 79' lang='lat' dir='ltr'>regis</span> 
     </span>
     <span class='ocr_line' id='line_1_41' title="bbox 948 1942 2069 1984; baseline -0.002 -1"><span class='ocrx_word' id='word_1_114' title='bbox 948 1956 1177 1984; x_wconf 88' lang='lat' dir='ltr'>numerum</span> <span class='ocrx_word' id='word_1_115' title='bbox 1199 1956 1285 1983; x_wconf 91' lang='lat' dir='ltr'>non</span> <span class='ocrx_word' id='word_1_116' title='bbox 1306 1942 1473 1982; x_wconf 78' lang='lat' dir='ltr'>habens</span> <span class='ocrx_word' id='word_1_117' title='bbox 1496 1942 1575 1983; x_wconf 89' lang='lat' dir='ltr'>etsi</span> <span class='ocrx_word' id='word_1_118' title='bbox 1599 1955 1774 1982; x_wconf 81' lang='lat' dir='ltr'>causam</span> <span class='ocrx_word' id='word_1_119' title='bbox 1796 1942 2069 1982; x_wconf 84' lang='lat' dir='ltr'>determinet.</span> 
     </span>
    </p>

    <p class='ocr_par' dir='ltr' id='par_1_12' title="bbox 890 2009 2400 2132">
     <span class='ocr_line' id='line_1_42' title="bbox 890 2009 2400 2063; baseline -0.003 -9"><span class='ocrx_word' id='word_1_120' title='bbox 890 2022 926 2054; x_wconf 79' lang='lat'>15</span> <span class='ocrx_word' id='word_1_121' title='bbox 1006 2012 1062 2051; x_wconf 86' lang='lat' dir='ltr'>X.</span> <span class='ocrx_word' id='word_1_122' title='bbox 1096 2011 1165 2051; x_wconf 89' lang='lat' dir='ltr'>De</span> <span class='ocrx_word' id='word_1_123' title='bbox 1194 2010 1495 2051; x_wconf 79' lang='lat' dir='ltr'>excidentibus</span> <span class='ocrx_word' id='word_1_124' title='bbox 1524 2018 1566 2051; x_wconf 90' lang='lat' dir='ltr'>et</span> <span class='ocrx_word' id='word_1_125' title='bbox 1596 2011 1820 2063; x_wconf 88' lang='lat' dir='ltr'>occupatis</span> <span class='ocrx_word' id='word_1_126' title='bbox 1849 2011 1967 2063; x_wconf 92' lang='lat' dir='ltr'>quod</span> <span class='ocrx_word' id='word_1_127' title='bbox 1995 2009 2192 2051; x_wconf 86' lang='lat' dir='ltr'>vsitatius</span> <span class='ocrx_word' id='word_1_128' title='bbox 2214 2009 2400 2050; x_wconf 89' lang='lat' dir='ltr'>dicimus</span> 
     </span>
     <span class='ocr_line' id='line_1_43' title="bbox 950 2078 1596 2132; baseline -0.002 -11"><span class='ocrx_word' id='word_1_129' title='bbox 950 2082 1005 2121; x_wconf 90' lang='lat' dir='ltr'>de</span> <span class='ocrx_word' id='word_1_130' title='bbox 1028 2079 1319 2132; x_wconf 88' lang='lat' dir='ltr'>purpresturis</span> <span class='ocrx_word' id='word_1_131' title='bbox 1342 2084 1384 2119; x_wconf 83' lang='lat' dir='ltr'>et</span> <span class='ocrx_word' id='word_1_132' title='bbox 1406 2078 1596 2120; x_wconf 85' lang='lat' dir='ltr'>escaetis.</span> 
     </span>
    </p>

    <p class='ocr_par' dir='ltr' id='par_1_13' title="bbox 947 2146 2399 2258">
     <span class='ocr_line' id='line_1_44' title="bbox 1006 2146 2399 2200; baseline -0.001 -12"><span class='ocrx_word' id='word_1_133' title='bbox 1006 2148 1088 2188; x_wconf 93' lang='lat' dir='ltr'>XI.</span> <span class='ocrx_word' id='word_1_134' title='bbox 1123 2148 1191 2188; x_wconf 89' lang='lat' dir='ltr'>De</span> <span class='ocrx_word' id='word_1_135' title='bbox 1222 2160 1352 2188; x_wconf 91' lang='lat' dir='ltr'>censu</span> <span class='ocrx_word' id='word_1_136' title='bbox 1383 2160 1610 2188; x_wconf 89' lang='lat' dir='ltr'>nemorum</span> <span class='ocrx_word' id='word_1_137' title='bbox 1647 2146 1834 2199; x_wconf 78' lang='lat' dir='ltr'>qualiter</span> <span class='ocrx_word' id='word_1_138' title='bbox 1870 2148 1924 2188; x_wconf 92' lang='lat' dir='ltr'>de</span> <span class='ocrx_word' id='word_1_139' title='bbox 1964 2147 2046 2188; x_wconf 88' lang='lat' dir='ltr'>hiis</span> <span class='ocrx_word' id='word_1_140' title='bbox 2079 2146 2271 2200; x_wconf 91' lang='lat' dir='ltr'>compoti</span> <span class='ocrx_word' id='word_1_141' title='bbox 2310 2146 2399 2187; x_wconf 79' lang='lat' dir='ltr'>fieri</span> 
     </span>
     <span class='ocr_line' id='line_1_45' title="bbox 947 2216 1152 2258; baseline -0.005 -1"><span class='ocrx_word' id='word_1_142' title='bbox 947 2216 1152 2258; x_wconf 89' lang='lat' dir='ltr'>debeant.</span> 
     </span>
    </p>

    <p class='ocr_par' dir='ltr' id='par_1_14' title="bbox 1005 2284 2396 2337">
     <span class='ocr_line' id='line_1_46' title="bbox 1005 2284 2396 2337; baseline -0.001 -11"><span class='ocrx_word' id='word_1_143' title='bbox 1005 2285 1109 2326; x_wconf 93' lang='lat' dir='ltr'>XII.</span> <span class='ocrx_word' id='word_1_144' title='bbox 1144 2286 1213 2326; x_wconf 91' lang='lat' dir='ltr'>De</span> <span class='ocrx_word' id='word_1_145' title='bbox 1249 2284 1417 2337; x_wconf 87' lang='lat' dir='ltr'>placitis</span> <span class='ocrx_word' id='word_1_146' title='bbox 1449 2290 1491 2325; x_wconf 92' lang='lat' dir='ltr'>et</span> <span class='ocrx_word' id='word_1_147' title='bbox 1523 2284 1884 2325; x_wconf 86' lang='lat' dir='ltr'>conuentionibus</span> <span class='ocrx_word' id='word_1_148' title='bbox 1917 2298 2006 2337; x_wconf 93' lang='lat' dir='ltr'>quo</span> <span class='ocrx_word' id='word_1_149' title='bbox 2040 2284 2188 2325; x_wconf 88' lang='lat' dir='ltr'>ordine</span> <span class='ocrx_word' id='word_1_150' title='bbox 2225 2285 2279 2325; x_wconf 90' lang='lat' dir='ltr'>de</span> <span class='ocrx_word' id='word_1_151' title='bbox 2316 2284 2396 2325; x_wconf 87' lang='lat' dir='ltr'>hiis</span> 
     </span>
    </p>

    <p class='ocr_par' dir='ltr' id='par_1_15' title="bbox 890 2353 1833 2408">
     <span class='ocr_line' id='line_1_47' title="bbox 890 2353 1833 2408; baseline -0.003 -12"><span class='ocrx_word' id='word_1_152' title='bbox 890 2380 929 2401; x_wconf 74' lang='lat'>20</span> <span class='ocrx_word' id='word_1_153' title='bbox 949 2355 1141 2408; x_wconf 88' lang='lat' dir='ltr'>compoti</span> <span class='ocrx_word' id='word_1_154' title='bbox 1164 2354 1270 2395; x_wconf 84' lang='lat' dir='ltr'>fiant</span> <span class='ocrx_word' id='word_1_155' title='bbox 1292 2367 1389 2394; x_wconf 90' lang='lat' dir='ltr'>cum</span> <span class='ocrx_word' id='word_1_156' title='bbox 1413 2360 1568 2394; x_wconf 77' lang='lat' dir='ltr'>exacta</span> <span class='ocrx_word' id='word_1_157' title='bbox 1589 2353 1833 2394; x_wconf 88' lang='lat' dir='ltr'>soluuntur.</span> 
     </span>
    </p>

    <p class='ocr_par' dir='ltr' id='par_1_16' title="bbox 946 2421 2400 2602">
     <span class='ocr_line' id='line_1_48' title="bbox 1004 2421 2399 2474; baseline -0.001 -10"><span class='ocrx_word' id='word_1_158' title='bbox 1004 2423 1140 2464; x_wconf 91' lang='lat' dir='ltr'><strong>XIII.</strong></span> <span class='ocrx_word' id='word_1_159' title='bbox 1174 2423 1244 2463; x_wconf 92' lang='lat' dir='ltr'>De</span> <span class='ocrx_word' id='word_1_160' title='bbox 1285 2423 1563 2463; x_wconf 86' lang='lat' dir='ltr'>distinctione</span> <span class='ocrx_word' id='word_1_161' title='bbox 1604 2435 1886 2474; x_wconf 84' lang='lat' dir='ltr'>personarum</span> <span class='ocrx_word' id='word_1_162' title='bbox 1927 2435 2012 2474; x_wconf 90' lang='lat' dir='ltr'>que</span> <span class='ocrx_word' id='word_1_163' title='bbox 2059 2421 2270 2462; x_wconf 86' lang='lat' dir='ltr'>soluendo</span> <span class='ocrx_word' id='word_1_164' title='bbox 2312 2435 2399 2462; x_wconf 84' lang='lat' dir='ltr'>non</span> 
     </span>
     <span class='ocr_line' id='line_1_49' title="bbox 946 2490 2400 2544; baseline -0.001 -12"><span class='ocrx_word' id='word_1_165' title='bbox 946 2498 1058 2540; x_wconf 86' lang='lat' dir='ltr'>sunt,</span> <span class='ocrx_word' id='word_1_166' title='bbox 1081 2492 1136 2532; x_wconf 90' lang='lat' dir='ltr'>de</span> <span class='ocrx_word' id='word_1_167' title='bbox 1157 2492 1315 2544; x_wconf 90' lang='lat' dir='ltr'>quibus</span> <span class='ocrx_word' id='word_1_168' title='bbox 1337 2506 1362 2532; x_wconf 90' lang='lat' dir='ltr'>a</span> <span class='ocrx_word' id='word_1_169' title='bbox 1382 2490 1634 2532; x_wconf 86' lang='lat' dir='ltr'>vicecomite</span> <span class='ocrx_word' id='word_1_170' title='bbox 1656 2490 1763 2531; x_wconf 88' lang='lat' dir='ltr'>fides</span> <span class='ocrx_word' id='word_1_171' title='bbox 1785 2490 1967 2532; x_wconf 85' lang='lat' dir='ltr'>offertur</span> <span class='ocrx_word' id='word_1_172' title='bbox 1984 2497 2026 2532; x_wconf 89' lang='lat' dir='ltr'>et</span> <span class='ocrx_word' id='word_1_173' title='bbox 2050 2492 2129 2532; x_wconf 90' lang='lat' dir='ltr'>sub</span> <span class='ocrx_word' id='word_1_174' title='bbox 2146 2504 2233 2544; x_wconf 92' lang='lat' dir='ltr'>quo</span> <span class='ocrx_word' id='word_1_175' title='bbox 2250 2498 2400 2531; x_wconf 86' lang='lat' dir='ltr'>tenore</span> 
     </span>
     <span class='ocr_line' id='line_1_50' title="bbox 946 2562 1337 2602; baseline 0 -1"><span class='ocrx_word' id='word_1_176' title='bbox 946 2562 1178 2602; x_wconf 87' lang='lat' dir='ltr'>verborum</span> <span class='ocrx_word' id='word_1_177' title='bbox 1200 2562 1337 2601; x_wconf 89' lang='lat' dir='ltr'>detur.</span> 
     </span>
    </p>

    <p class='ocr_par' dir='ltr' id='par_1_17' title="bbox 1005 2627 2398 2683">
     <span class='ocr_line' id='line_1_51' title="bbox 1005 2627 2398 2683; baseline -0.001 -14"><span class='ocrx_word' id='word_1_178' title='bbox 1005 2630 1128 2670; x_wconf 89' lang='lat' dir='ltr'><strong>XIV.</strong></span> <span class='ocrx_word' id='word_1_179' title='bbox 1161 2629 1259 2683; x_wconf 77' lang='lat' dir='ltr'>Que</span> <span class='ocrx_word' id='word_1_180' title='bbox 1283 2627 1439 2669; x_wconf 76' lang='lat' dir='ltr'>catalla</span> <span class='ocrx_word' id='word_1_181' title='bbox 1465 2628 1713 2672; x_wconf 86' lang='lat' dir='ltr'>debitorum</span> <span class='ocrx_word' id='word_1_182' title='bbox 1733 2628 1959 2669; x_wconf 88' lang='lat' dir='ltr'>vendenda</span> <span class='ocrx_word' id='word_1_183' title='bbox 1981 2628 2064 2669; x_wconf 91' lang='lat' dir='ltr'>sint</span> <span class='ocrx_word' id='word_1_184' title='bbox 2090 2642 2187 2669; x_wconf 89' lang='lat' dir='ltr'>cum</span> <span class='ocrx_word' id='word_1_185' title='bbox 2210 2628 2289 2682; x_wconf 88' lang='lat' dir='ltr'>ipsi</span> <span class='ocrx_word' id='word_1_186' title='bbox 2313 2641 2398 2668; x_wconf 91' lang='lat' dir='ltr'>non</span> 
     </span>
    </p>

    <p class='ocr_par' dir='ltr' id='par_1_18' title="bbox 889 2697 2168 2754">
     <span class='ocr_line' id='line_1_52' title="bbox 889 2697 2168 2754; baseline -0.002 -15"><span class='ocrx_word' id='word_1_187' title='bbox 889 2722 926 2754; x_wconf 82' lang='lat'>²5</span> <span class='ocrx_word' id='word_1_188' title='bbox 948 2699 1122 2740; x_wconf 90' lang='lat' dir='ltr'>soluunt</span> <span class='ocrx_word' id='word_1_189' title='bbox 1144 2705 1186 2738; x_wconf 91' lang='lat' dir='ltr'>et</span> <span class='ocrx_word' id='word_1_190' title='bbox 1209 2698 1302 2751; x_wconf 91' lang='lat' dir='ltr'>quis</span> <span class='ocrx_word' id='word_1_191' title='bbox 1324 2698 1365 2737; x_wconf 88' lang='lat' dir='ltr'>in</span> <span class='ocrx_word' id='word_1_192' title='bbox 1388 2698 1627 2738; x_wconf 81' lang='lat' dir='ltr'>vendendis</span> <span class='ocrx_word' id='word_1_193' title='bbox 1650 2698 1758 2738; x_wconf 91' lang='lat' dir='ltr'>ordo</span> <span class='ocrx_word' id='word_1_194' title='bbox 1780 2697 1835 2737; x_wconf 89' lang='lat' dir='ltr'>sit</span> <span class='ocrx_word' id='word_1_195' title='bbox 1857 2698 2168 2738; x_wconf 84' lang='lat' dir='ltr'>obseruandus.</span> 
     </span>
    </p>

    <p class='ocr_par' dir='ltr' id='par_1_19' title="bbox 947 2765 2399 2889">
     <span class='ocr_line' id='line_1_53' title="bbox 1004 2765 2399 2820; baseline -0.001 -12"><span class='ocrx_word' id='word_1_196' title='bbox 1004 2768 1106 2808; x_wconf 90' lang='lat' dir='ltr'>XV.</span> <span class='ocrx_word' id='word_1_197' title='bbox 1138 2767 1268 2820; x_wconf 75' lang='lat' dir='ltr'>Quod</span> <span class='ocrx_word' id='word_1_198' title='bbox 1300 2767 1538 2807; x_wconf 89' lang='lat' dir='ltr'>vicecomes</span> <span class='ocrx_word' id='word_1_199' title='bbox 1569 2781 1594 2807; x_wconf 88' lang='lat' dir='ltr'>a</span> <span class='ocrx_word' id='word_1_200' title='bbox 1626 2766 1896 2807; x_wconf 88' lang='lat' dir='ltr'>debitoribus</span> <span class='ocrx_word' id='word_1_201' title='bbox 1927 2767 2137 2807; x_wconf 86' lang='lat' dir='ltr'>debitoris</span> <span class='ocrx_word' id='word_1_202' title='bbox 2168 2765 2293 2816; x_wconf 86' lang='lat' dir='ltr'>illius,</span> <span class='ocrx_word' id='word_1_203' title='bbox 2325 2766 2399 2818; x_wconf 84' lang='lat' dir='ltr'>qui</span> 
     </span>
     <span class='ocr_line' id='line_1_54' title="bbox 947 2834 2265 2889; baseline -0.002 -12"><span class='ocrx_word' id='word_1_204' title='bbox 947 2836 1037 2889; x_wconf 77' lang='lat' dir='ltr'>regi</span> <span class='ocrx_word' id='word_1_205' title='bbox 1061 2849 1147 2876; x_wconf 87' lang='lat' dir='ltr'>non</span> <span class='ocrx_word' id='word_1_206' title='bbox 1171 2834 1312 2885; x_wconf 84' lang='lat' dir='ltr'>soluit,</span> <span class='ocrx_word' id='word_1_207' title='bbox 1334 2834 1529 2875; x_wconf 90' lang='lat' dir='ltr'>debitam</span> <span class='ocrx_word' id='word_1_208' title='bbox 1554 2835 1642 2887; x_wconf 78' lang='lat' dir='ltr'>regi</span> <span class='ocrx_word' id='word_1_209' title='bbox 1665 2847 1880 2875; x_wconf 86' lang='lat' dir='ltr'>summam</span> <span class='ocrx_word' id='word_1_210' title='bbox 1903 2834 2021 2887; x_wconf 89' lang='lat' dir='ltr'>prius</span> <span class='ocrx_word' id='word_1_211' title='bbox 2043 2834 2265 2887; x_wconf 88' lang='lat' dir='ltr'>suscipiat.</span> 
     </span>
    </p>

    <p class='ocr_par' dir='ltr' id='par_1_20' title="bbox 948 2903 2400 3027">
     <span class='ocr_line' id='line_1_55' title="bbox 1005 2903 2399 2957; baseline -0.001 -12"><span class='ocrx_word' id='word_1_212' title='bbox 1005 2905 1133 2945; x_wconf 89' lang='lat' dir='ltr'>XVI.</span> <span class='ocrx_word' id='word_1_213' title='bbox 1168 2904 1299 2957; x_wconf 75' lang='lat' dir='ltr'>Quod</span> <span class='ocrx_word' id='word_1_214' title='bbox 1321 2904 1573 2953; x_wconf 84' lang='lat' dir='ltr'>vicecomes,</span> <span class='ocrx_word' id='word_1_215' title='bbox 1589 2919 1614 2945; x_wconf 85' lang='lat' dir='ltr'>a</span> <span class='ocrx_word' id='word_1_216' title='bbox 1636 2904 1778 2945; x_wconf 89' lang='lat' dir='ltr'>fundis</span> <span class='ocrx_word' id='word_1_217' title='bbox 1801 2903 1890 2944; x_wconf 91' lang='lat' dir='ltr'>eius</span> <span class='ocrx_word' id='word_1_218' title='bbox 1913 2904 1986 2956; x_wconf 91' lang='lat' dir='ltr'>qui</span> <span class='ocrx_word' id='word_1_219' title='bbox 2009 2917 2095 2944; x_wconf 91' lang='lat' dir='ltr'>non</span> <span class='ocrx_word' id='word_1_220' title='bbox 2117 2903 2259 2953; x_wconf 88' lang='lat' dir='ltr'>soluit,</span> <span class='ocrx_word' id='word_1_221' title='bbox 2281 2903 2399 2956; x_wconf 90' lang='lat' dir='ltr'>quod</span> 
     </span>
     <span class='ocr_line' id='line_1_56' title="bbox 948 2972 2400 3027; baseline -0.001 -14"><span class='ocrx_word' id='word_1_222' title='bbox 948 2974 1174 3026; x_wconf 83' lang='lat' dir='ltr'>requiritur</span> <span class='ocrx_word' id='word_1_223' title='bbox 1205 2973 1412 3027; x_wconf 83' lang='lat' dir='ltr'>percipiat</span> <span class='ocrx_word' id='word_1_224' title='bbox 1449 2974 1581 3014; x_wconf 85' lang='lat' dir='ltr'>etiam</span> <span class='ocrx_word' id='word_1_225' title='bbox 1620 2973 1654 3014; x_wconf 90' lang='lat' dir='ltr'>si</span> <span class='ocrx_word' id='word_1_226' title='bbox 1695 2973 1872 3013; x_wconf 87' lang='lat' dir='ltr'>eosdem</span> <span class='ocrx_word' id='word_1_227' title='bbox 1906 2986 1963 3013; x_wconf 82' lang='lat' dir='ltr'>ex</span> <span class='ocrx_word' id='word_1_228' title='bbox 2003 2986 2091 3026; x_wconf 86' lang='lat' dir='ltr'>quo</span> <span class='ocrx_word' id='word_1_229' title='bbox 2133 2972 2222 3025; x_wconf 84' lang='lat' dir='ltr'>regi</span> <span class='ocrx_word' id='word_1_230' title='bbox 2264 2972 2400 3013; x_wconf 86' lang='lat' dir='ltr'>teneri</span> 
     </span>
    </p>

    <p class='ocr_par' dir='ltr' id='par_1_21' title="bbox 888 3041 1750 3096">
     <span class='ocr_line' id='line_1_57' title="bbox 888 3041 1750 3096; baseline -0.002 -12"><span class='ocrx_word' id='word_1_231' title='bbox 888 3064 928 3094; x_wconf 78' lang='lat'>50</span> <span class='ocrx_word' id='word_1_232' title='bbox 949 3043 1108 3096; x_wconf 87' lang='lat' dir='ltr'>ceperit</span> <span class='ocrx_word' id='word_1_233' title='bbox 1130 3042 1463 3096; x_wconf 89' lang='lat' dir='ltr'>quomodolibet</span> <span class='ocrx_word' id='word_1_234' title='bbox 1485 3041 1750 3082; x_wconf 86' lang='lat' dir='ltr'>alienauerit.</span> 
     </span>
    </p>

    <p class='ocr_par' dir='ltr' id='par_1_22' title="bbox 948 3108 2399 3303">
     <span class='ocr_line' id='line_1_58' title="bbox 1005 3108 2399 3164; baseline -0.003 -13"><span class='ocrx_word' id='word_1_235' title='bbox 1005 3111 1157 3152; x_wconf 89' lang='lat' dir='ltr'><strong>XVII.</strong></span> <span class='ocrx_word' id='word_1_236' title='bbox 1190 3111 1321 3164; x_wconf 76' lang='lat' dir='ltr'>Quod</span> <span class='ocrx_word' id='word_1_237' title='bbox 1345 3125 1430 3151; x_wconf 91' lang='lat' dir='ltr'>non</span> <span class='ocrx_word' id='word_1_238' title='bbox 1452 3111 1553 3151; x_wconf 90' lang='lat' dir='ltr'>licet</span> <span class='ocrx_word' id='word_1_239' title='bbox 1583 3109 1823 3150; x_wconf 90' lang='lat' dir='ltr'>vicecomiti</span> <span class='ocrx_word' id='word_1_240' title='bbox 1846 3109 2041 3150; x_wconf 89' lang='lat' dir='ltr'>debitam</span> <span class='ocrx_word' id='word_1_241' title='bbox 2067 3108 2147 3149; x_wconf 90' lang='lat' dir='ltr'>sibi</span> <span class='ocrx_word' id='word_1_242' title='bbox 2169 3108 2399 3161; x_wconf 87' lang='lat' dir='ltr'>pecuniam</span> 
     </span>
     <span class='ocr_line' id='line_1_59' title="bbox 948 3176 2399 3232; baseline -0.002 -12"><span class='ocrx_word' id='word_1_243' title='bbox 948 3193 973 3220; x_wconf 85' lang='lat' dir='ltr'>a</span> <span class='ocrx_word' id='word_1_244' title='bbox 1004 3194 1089 3221; x_wconf 91' lang='lat' dir='ltr'>non</span> <span class='ocrx_word' id='word_1_245' title='bbox 1121 3180 1391 3222; x_wconf 87' lang='lat' dir='ltr'>soluentibus</span> <span class='ocrx_word' id='word_1_246' title='bbox 1422 3180 1641 3232; x_wconf 89' lang='lat' dir='ltr'>suscipere</span> <span class='ocrx_word' id='word_1_247' title='bbox 1677 3185 1721 3221; x_wconf 86' lang='lat' dir='ltr'>et</span> <span class='ocrx_word' id='word_1_248' title='bbox 1757 3178 1861 3231; x_wconf 88' lang='lat' dir='ltr'>quid</span> <span class='ocrx_word' id='word_1_249' title='bbox 1888 3178 1942 3218; x_wconf 88' lang='lat' dir='ltr'>sit</span> <span class='ocrx_word' id='word_1_250' title='bbox 1973 3178 2193 3231; x_wconf 82' lang='lat' dir='ltr'>agendum</span> <span class='ocrx_word' id='word_1_251' title='bbox 2225 3177 2259 3217; x_wconf 90' lang='lat' dir='ltr'>si</span> <span class='ocrx_word' id='word_1_252' title='bbox 2289 3176 2399 3218; x_wconf 89' lang='lat' dir='ltr'>forte</span> 
     </span>
     <span class='ocr_line' id='line_1_60' title="bbox 948 3250 1198 3303; baseline 0.004 -15"><span class='ocrx_word' id='word_1_253' title='bbox 948 3250 1198 3303; x_wconf 86' lang='lat' dir='ltr'>susceperit.</span> 
     </span>
    </p>
   </div>
   <div class='ocr_carea' id='block_1_5' title="bbox 947 3362 2402 3646">
    <p class='ocr_par' dir='ltr' id='par_1_23' title="bbox 947 3362 2402 3646">
     <span class='ocr_line' id='line_1_61' title="bbox 996 3362 2400 3412; baseline -0.003 -11"><span class='ocrx_word' id='word_1_254' title='bbox 996 3367 1018 3401; x_wconf 85' lang='lat'><strong>6</strong></span> <span class='ocrx_word' id='word_1_255' title='bbox 1044 3367 1291 3412; x_wconf 78' lang='lat' dir='ltr'>computanda</span> <span class='ocrx_word' id='word_1_256' title='bbox 1309 3366 1513 3402; x_wconf 87' lang='lat' dir='ltr'>elemosina</span> <span class='ocrx_word' id='word_1_257' title='bbox 1529 3367 1589 3400; x_wconf 89' lang='lat' dir='ltr'>N:</span> <span class='ocrx_word' id='word_1_258' title='bbox 1618 3364 1866 3409; x_wconf 81' lang='lat' dir='ltr'>computando</span> <span class='ocrx_word' id='word_1_259' title='bbox 1884 3362 2086 3398; x_wconf 82' lang='lat' dir='ltr'>elemosina</span> <span class='ocrx_word' id='word_1_260' title='bbox 2104 3363 2138 3397; x_wconf 88' lang='lat' dir='ltr'><em>R</em></span> <span class='ocrx_word' id='word_1_261' title='bbox 2196 3364 2215 3398; x_wconf 86' lang='grc'><strong>8</strong></span> <span class='ocrx_word' id='word_1_262' title='bbox 2243 3362 2332 3407; x_wconf 75' lang='lat' dir='ltr'>sint]</span> <span class='ocrx_word' id='word_1_263' title='bbox 2354 3363 2400 3397; x_wconf 87' lang='lat' dir='ltr'>sit</span> 
     </span>
     <span class='ocr_line' id='line_1_62' title="bbox 947 3410 2402 3457; baseline -0.003 -10"><span class='ocrx_word' id='word_1_264' title='bbox 947 3413 994 3447; x_wconf 92' lang='lat' dir='ltr'><em>N</em></span> <span class='ocrx_word' id='word_1_265' title='bbox 1114 3424 1150 3448; x_wconf 92' lang='lat'>11</span> <span class='ocrx_word' id='word_1_266' title='bbox 1180 3426 1333 3449; x_wconf 87' lang='lat' dir='ltr'>numero</span> <span class='ocrx_word' id='word_1_267' title='bbox 1351 3415 1427 3448; x_wconf 92' lang='lat' dir='ltr'>NR</span> <span class='ocrx_word' id='word_1_268' title='bbox 1541 3423 1581 3457; x_wconf 82' lang='lat'>13</span> <span class='ocrx_word' id='word_1_269' title='bbox 1608 3424 1629 3446; x_wconf 81' lang='lat' dir='ltr'>a</span> <span class='ocrx_word' id='word_1_270' title='bbox 1648 3410 1789 3455; x_wconf 85' lang='lat' dir='ltr'>debito]</span> <span class='ocrx_word' id='word_1_271' title='bbox 1809 3417 1932 3445; x_wconf 86' lang='lat' dir='ltr'>autem</span> <span class='ocrx_word' id='word_1_272' title='bbox 1950 3410 2059 3444; x_wconf 88' lang='lat' dir='ltr'>debet</span> <span class='ocrx_word' id='word_1_273' title='bbox 2077 3411 2123 3444; x_wconf 89' lang='lat' dir='ltr'><em>N</em></span> <span class='ocrx_word' id='word_1_274' title='bbox 2247 3410 2349 3444; x_wconf 90' lang='lat' dir='ltr'>breui</span> <span class='ocrx_word' id='word_1_275' title='bbox 2367 3410 2402 3444; x_wconf 97' lang='lat' dir='ltr'><em>R</em></span> 
     </span>
     <span class='ocr_line' id='line_1_63' title="bbox 953 3458 2402 3502; baseline -0.003 -7"><span class='ocrx_word' id='word_1_276' title='bbox 953 3469 995 3502; x_wconf 88' lang='lat'>14</span> <span class='ocrx_word' id='word_1_277' title='bbox 1019 3460 1161 3493; x_wconf 82' lang='lat' dir='ltr'>habens</span> <span class='ocrx_word' id='word_1_278' title='bbox 1194 3461 1361 3494; x_wconf 70' lang='lat' dir='ltr'>Aladox:</span> <span class='ocrx_word' id='word_1_279' title='bbox 1388 3461 1549 3495; x_wconf 83' lang='lat' dir='ltr'>habente</span> <span class='ocrx_word' id='word_1_280' title='bbox 1576 3460 1669 3495; x_wconf 88' lang='lat' dir='ltr'>CN:</span> <span class='ocrx_word' id='word_1_281' title='bbox 1697 3459 1840 3493; x_wconf 83' lang='lat' dir='ltr'>h&#39;autar</span> <span class='ocrx_word' id='word_1_282' title='bbox 1868 3458 1904 3491; x_wconf 91' lang='lat' dir='ltr'><em>R</em></span> <span class='ocrx_word' id='word_1_283' title='bbox 1937 3458 2103 3501; x_wconf 65' lang='lat' dir='ltr'>apicibus</span> <span class='ocrx_word' id='word_1_284' title='bbox 2136 3468 2177 3491; x_wconf 85' lang='lat' dir='ltr'>ar</span> <span class='ocrx_word' id='word_1_285' title='bbox 2209 3458 2402 3501; x_wconf 68' lang='lat' dir='ltr'>expunclz&#39;s</span> 
     </span>
     <span class='ocr_line' id='line_1_64' title="bbox 950 3503 2401 3549; baseline -0.002 -9"><span class='ocrx_word' id='word_1_286' title='bbox 950 3506 1094 3540; x_wconf 81' lang='lat' dir='ltr'>etiamsi</span> <span class='ocrx_word' id='word_1_287' title='bbox 1114 3507 1189 3540; x_wconf 67' lang='grc' dir='ltr'>ΝΛ)</span> <span class='ocrx_word' id='word_1_288' title='bbox 1284 3518 1323 3542; x_wconf 88' lang='lat'>21</span> <span class='ocrx_word' id='word_1_289' title='bbox 1354 3507 1598 3542; x_wconf 84' lang='lat' dir='ltr'>destinatione</span> <span class='ocrx_word' id='word_1_290' title='bbox 1613 3507 1647 3539; x_wconf 86' lang='lat' dir='ltr'><em>R</em></span> <span class='ocrx_word' id='word_1_291' title='bbox 1742 3514 1784 3539; x_wconf 88' lang='lat'>22</span> <span class='ocrx_word' id='word_1_292' title='bbox 1803 3503 1840 3549; x_wconf 90' lang='lat' dir='ltr'>a]</span> <span class='ocrx_word' id='word_1_293' title='bbox 1861 3510 1987 3538; x_wconf 83' lang='lat' dir='ltr'>autem</span> <span class='ocrx_word' id='word_1_294' title='bbox 2007 3504 2052 3537; x_wconf 91' lang='lat' dir='ltr'><em>N</em></span> <span class='ocrx_word' id='word_1_295' title='bbox 2141 3513 2185 3546; x_wconf 83' lang='lat'>24</span> <span class='ocrx_word' id='word_1_296' title='bbox 2203 3504 2352 3538; x_wconf 85' lang='lat' dir='ltr'>castella</span> <span class='ocrx_word' id='word_1_297' title='bbox 2366 3503 2401 3536; x_wconf 90' lang='lat' dir='ltr'><em>R</em></span> 
     </span>
     <span class='ocr_line' id='line_1_65' title="bbox 951 3548 2398 3597; baseline -0.001 -11"><span class='ocrx_word' id='word_1_298' title='bbox 951 3553 995 3587; x_wconf 84' lang='lat'>28</span> <span class='ocrx_word' id='word_1_299' title='bbox 1022 3551 1147 3597; x_wconf 84' lang='lat' dir='ltr'>soluit]</span> <span class='ocrx_word' id='word_1_300' title='bbox 1168 3554 1284 3588; x_wconf 84' lang='lat' dir='ltr'>solum</span> <span class='ocrx_word' id='word_1_301' title='bbox 1305 3555 1369 3589; x_wconf 85' lang='lat' dir='ltr'>CR</span> <span class='ocrx_word' id='word_1_302' title='bbox 1512 3563 1556 3597; x_wconf 86' lang='lat'>29</span> <span class='ocrx_word' id='word_1_303' title='bbox 1575 3551 1621 3597; x_wconf 88' lang='lat' dir='ltr'>si]</span> <span class='ocrx_word' id='word_1_304' title='bbox 1641 3564 1679 3587; x_wconf 88' lang='lat' dir='ltr'>se</span> <span class='ocrx_word' id='word_1_305' title='bbox 1697 3553 1732 3586; x_wconf 88' lang='lat' dir='ltr'><em>R</em></span> <span class='ocrx_word' id='word_1_306' title='bbox 1866 3560 1912 3595; x_wconf 87' lang='lat'>30</span> <span class='ocrx_word' id='word_1_307' title='bbox 1937 3550 2033 3596; x_wconf 88' lang='lat' dir='ltr'>cepit</span> <span class='ocrx_word' id='word_1_308' title='bbox 2050 3551 2095 3585; x_wconf 90' lang='lat' dir='ltr'><em>N</em></span> <span class='ocrx_word' id='word_1_309' title='bbox 2224 3560 2268 3595; x_wconf 88' lang='lat'>32</span> <span class='ocrx_word' id='word_1_310' title='bbox 2295 3548 2398 3595; x_wconf 89' lang='lat' dir='ltr'>quid]</span> 
     </span>
     <span class='ocr_line' id='line_1_66' title="bbox 949 3600 1064 3646; baseline 0.009 -12"><span class='ocrx_word' id='word_1_311' title='bbox 949 3600 1013 3646; x_wconf 88' lang='lat' dir='ltr'>qui</span> <span class='ocrx_word' id='word_1_312' title='bbox 1034 3600 1064 3635; x_wconf 91' lang='lat' dir='ltr'><em>C</em></span> 
     </span>
    </p>
   </div>
   <div class='ocr_carea' id='block_1_6' title="bbox 0 904 2912 936">
    <p class='ocr_par' dir='ltr' id='par_1_24' title="bbox 0 904 2912 936">
     <span class='ocr_line' id='line_1_67' title="bbox 0 904 2912 936; baseline 0 -22"><span class='ocrx_word' id='word_1_313' title='bbox 0 914 280 936; x_wconf 95' lang='lat' dir='ltr'> </span> <span class='ocrx_word' id='word_1_314' title='bbox 2399 904 2912 914; x_wconf 95' lang='lat' dir='ltr'> </span> 
     </span>
    </p>
   </div>
   <div class='ocr_carea' id='block_1_7' title="bbox 0 3620 2912 4368">
    <p class='ocr_par' dir='ltr' id='par_1_25' title="bbox 0 3620 2912 4368">
     <span class='ocr_line' id='line_1_68' title="bbox 0 3620 2912 4368; baseline 0 -699"><span class='ocrx_word' id='word_1_315' title='bbox 0 3620 2912 4368; x_wconf 95' lang='lat' dir='ltr'>  </span> 
     </span>
    </p>
   </div>
   <div class='ocr_carea' id='block_1_8' title="bbox 2909 1158 2912 2199">
    <p class='ocr_par' dir='ltr' id='par_1_26' title="bbox 2909 1158 2912 2199">
     <span class='ocr_line' id='line_1_69' title="bbox 2909 1158 2912 2199; baseline 0 0"><span class='ocrx_word' id='word_1_316' title='bbox 2909 1158 2912 2199; x_wconf 95' lang='lat' dir='ltr'> </span> 
     </span>
    </p>
   </div>
  </div>
 </body>
</html>
