<?xml version="1.0" encoding="UTF-8"?>
<!DOCTYPE html PUBLIC "-//W3C//DTD XHTML 1.0 Transitional//EN"
    "http://www.w3.org/TR/xhtml1/DTD/xhtml1-transitional.dtd">
<html xmlns="http://www.w3.org/1999/xhtml" xml:lang="en" lang="en">
 <head>
  <title>
</title>
<meta http-equiv="Content-Type" content="text/html;charset=utf-8" />
  <meta name='ocr-system' content='tesseract 3.04.00' />
  <meta name='ocr-capabilities' content='ocr_page ocr_carea ocr_par ocr_line ocrx_word'/>
</head>
<body>
  <div class='ocr_page' id='page_1' title='image "./denecessariisobs00fitzuoft_0116.png"; bbox 0 0 2022 3281; ppageno 0'>
   <div class='ocr_carea' id='block_1_1' title="bbox 394 149 1840 209">
    <p class='ocr_par' dir='ltr' id='par_1_1' title="bbox 394 149 1840 209">
     <span class='ocr_line' id='line_1_1' title="bbox 394 149 1840 209; baseline -0.002 -13"><span class='ocrx_word' id='word_1_1' title='bbox 394 157 449 208; x_wconf 90' lang='lat'><strong>76</strong></span> <span class='ocrx_word' id='word_1_2' title='bbox 879 154 965 195; x_wconf 90' lang='lat' dir='ltr'><strong>DE</strong></span> <span class='ocrx_word' id='word_1_3' title='bbox 999 151 1358 195; x_wconf 88' lang='lat' dir='ltr'>SCACCARIO</span> <span class='ocrx_word' id='word_1_4' title='bbox 1695 149 1733 209; x_wconf 93' lang='lat'><strong>[1</strong></span> <span class='ocrx_word' id='word_1_5' title='bbox 1755 168 1782 194; x_wconf 90' lang='lat' dir='ltr'>v</span> <span class='ocrx_word' id='word_1_6' title='bbox 1803 162 1840 193; x_wconf 82' lang='lat' dir='ltr'><strong>M</strong></span> 
     </span>
    </p>
   </div>
   <div class='ocr_carea' id='block_1_2' title="bbox 336 266 1869 2717">
    <p class='ocr_par' dir='ltr' id='par_1_2' title="bbox 357 266 1848 868">
     <span class='ocr_line' id='line_1_2' title="bbox 396 266 1843 322; baseline -0.002 -12"><span class='ocrx_word' id='word_1_7' title='bbox 396 270 441 310; x_wconf 90' lang='lat' dir='ltr'><strong>in</strong></span> <span class='ocrx_word' id='word_1_8' title='bbox 462 282 653 311; x_wconf 91' lang='lat' dir='ltr'><strong>numero.</strong></span> <span class='ocrx_word' id='word_1_9' title='bbox 714 268 941 322; x_wconf 89' lang='lat' dir='ltr'><strong>Disposita</strong></span> <span class='ocrx_word' id='word_1_10' title='bbox 958 266 1088 320; x_wconf 92' lang='lat' dir='ltr'><strong>igitur</strong></span> <span class='ocrx_word' id='word_1_11' title='bbox 1099 278 1177 319; x_wconf 89' lang='lat' dir='ltr'><strong>per</strong></span> <span class='ocrx_word' id='word_1_12' title='bbox 1192 278 1370 306; x_wconf 89' lang='lat' dir='ltr'><strong>aceruos</strong></span> <span class='ocrx_word' id='word_1_13' title='bbox 1391 279 1562 307; x_wconf 87' lang='lat' dir='ltr'><strong>summa</strong></span> <span class='ocrx_word' id='word_1_14' title='bbox 1577 280 1663 319; x_wconf 92' lang='lat' dir='ltr'><strong>que</strong></span> <span class='ocrx_word' id='word_1_15' title='bbox 1687 280 1713 307; x_wconf 92' lang='lat' dir='ltr'><strong>a</strong></span> <span class='ocrx_word' id='word_1_16' title='bbox 1729 267 1843 309; x_wconf 88' lang='lat' dir='ltr'><strong>vice-</strong></span> 
     </span>
     <span class='ocr_line' id='line_1_3' title="bbox 394 332 1844 390; baseline -0.002 -11"><span class='ocrx_word' id='word_1_17' title='bbox 394 338 553 379; x_wconf 84' lang='lat' dir='ltr'>comite</span> <span class='ocrx_word' id='word_1_18' title='bbox 567 337 802 390; x_wconf 87' lang='lat' dir='ltr'><strong>requiritur,</strong></span> <span class='ocrx_word' id='word_1_19' title='bbox 819 336 1106 390; x_wconf 89' lang='lat' dir='ltr'><strong>disponuntur</strong></span> <span class='ocrx_word' id='word_1_20' title='bbox 1123 333 1232 373; x_wconf 90' lang='lat' dir='ltr'><strong>infra</strong></span> <span class='ocrx_word' id='word_1_21' title='bbox 1248 332 1443 375; x_wconf 87' lang='lat' dir='ltr'><strong>similiter</strong></span> <span class='ocrx_word' id='word_1_22' title='bbox 1463 347 1539 388; x_wconf 91' lang='lat' dir='ltr'><strong>per</strong></span> <span class='ocrx_word' id='word_1_23' title='bbox 1560 349 1737 376; x_wconf 88' lang='lat' dir='ltr'><strong>aceruos</strong></span> <span class='ocrx_word' id='word_1_24' title='bbox 1757 349 1844 388; x_wconf 88' lang='lat' dir='ltr'><strong>que</strong></span> 
     </span>
     <span class='ocr_line' id='line_1_4' title="bbox 393 400 1843 456; baseline -0.001 -10"><span class='ocrx_word' id='word_1_25' title='bbox 393 406 537 448; x_wconf 88' lang='lat' dir='ltr'><strong>soluta</strong></span> <span class='ocrx_word' id='word_1_26' title='bbox 569 406 726 447; x_wconf 88' lang='lat' dir='ltr'><strong>fuerint</strong></span> <span class='ocrx_word' id='word_1_27' title='bbox 760 404 828 445; x_wconf 92' lang='lat' dir='ltr'><strong>vel</strong></span> <span class='ocrx_word' id='word_1_28' title='bbox 864 404 906 444; x_wconf 90' lang='lat' dir='ltr'><strong>in</strong></span> <span class='ocrx_word' id='word_1_29' title='bbox 945 403 1151 443; x_wconf 90' lang='lat' dir='ltr'><strong>thesauro</strong></span> <span class='ocrx_word' id='word_1_30' title='bbox 1191 400 1260 442; x_wconf 90' lang='lat' dir='ltr'><strong>vel</strong></span> <span class='ocrx_word' id='word_1_31' title='bbox 1296 401 1416 443; x_wconf 83' lang='lat' dir='ltr'><strong>alias.</strong></span> <span class='ocrx_word' id='word_1_32' title='bbox 1478 402 1609 456; x_wconf 78' lang='lat' dir='ltr'><strong>Quod</strong></span> <span class='ocrx_word' id='word_1_33' title='bbox 1647 404 1680 444; x_wconf 90' lang='lat' dir='ltr'><strong>si</strong></span> <span class='ocrx_word' id='word_1_34' title='bbox 1716 403 1843 444; x_wconf 88' lang='lat' dir='ltr'><strong>fuerit</strong></span> 
     </span>
     <span class='ocr_line' id='line_1_5' title="bbox 395 469 1842 526; baseline -0.002 -11"><span class='ocrx_word' id='word_1_35' title='bbox 395 474 520 516; x_wconf 85' lang='lat' dir='ltr'><strong>firma</strong></span> <span class='ocrx_word' id='word_1_36' title='bbox 556 487 736 515; x_wconf 89' lang='lat' dir='ltr'><strong>numero</strong></span> <span class='ocrx_word' id='word_1_37' title='bbox 767 485 852 526; x_wconf 91' lang='lat' dir='ltr'><strong>que</strong></span> <span class='ocrx_word' id='word_1_38' title='bbox 882 471 937 512; x_wconf 91' lang='lat' dir='ltr'><strong>ab</strong></span> <span class='ocrx_word' id='word_1_39' title='bbox 969 471 1064 523; x_wconf 91' lang='lat' dir='ltr'><strong>ipso</strong></span> <span class='ocrx_word' id='word_1_40' title='bbox 1096 469 1337 522; x_wconf 86' lang='lat' dir='ltr'><strong>requiritur,</strong></span> <span class='ocrx_word' id='word_1_41' title='bbox 1368 470 1436 511; x_wconf 88' lang='lat' dir='ltr'><strong>vel</strong></span> <span class='ocrx_word' id='word_1_42' title='bbox 1467 471 1694 524; x_wconf 84' lang='lat' dir='ltr'><strong>quodlibet</strong></span> <span class='ocrx_word' id='word_1_43' title='bbox 1724 470 1842 512; x_wconf 89' lang='lat' dir='ltr'><strong>aliud</strong></span> 
     </span>
     <span class='ocr_line' id='line_1_6' title="bbox 357 537 1845 594; baseline -0.003 -10"><span class='ocrx_word' id='word_1_44' title='bbox 357 563 374 594; x_wconf 86' lang='lat'>5</span> <span class='ocrx_word' id='word_1_45' title='bbox 397 544 592 585; x_wconf 89' lang='lat' dir='ltr'><strong>debitum</strong></span> <span class='ocrx_word' id='word_1_46' title='bbox 643 542 710 584; x_wconf 90' lang='lat' dir='ltr'><strong>cui</strong></span> <span class='ocrx_word' id='word_1_47' title='bbox 751 541 845 581; x_wconf 91' lang='lat' dir='ltr'><strong>solo</strong></span> <span class='ocrx_word' id='word_1_48' title='bbox 884 539 1023 593; x_wconf 84' lang='lat' dir='ltr'><strong>possit</strong></span> <span class='ocrx_word' id='word_1_49' title='bbox 1068 551 1248 579; x_wconf 89' lang='lat' dir='ltr'><strong>numero</strong></span> <span class='ocrx_word' id='word_1_50' title='bbox 1289 537 1502 587; x_wconf 85' lang='lat' dir='ltr'><strong>satisfieri,</strong></span> <span class='ocrx_word' id='word_1_51' title='bbox 1543 539 1729 594; x_wconf 85' lang='lat' dir='ltr'><strong>simplex</strong></span> <span class='ocrx_word' id='word_1_52' title='bbox 1770 539 1845 579; x_wconf 92' lang='lat' dir='ltr'><strong>fiet</strong></span> 
     </span>
     <span class='ocr_line' id='line_1_7' title="bbox 395 607 1846 660; baseline -0.004 -7"><span class='ocrx_word' id='word_1_53' title='bbox 395 611 606 653; x_wconf 84' lang='lat' dir='ltr'><strong>detractio</strong></span> <span class='ocrx_word' id='word_1_54' title='bbox 634 608 839 651; x_wconf 88' lang='lat' dir='ltr'><strong>inferioris</strong></span> <span class='ocrx_word' id='word_1_55' title='bbox 871 622 897 649; x_wconf 89' lang='lat' dir='ltr'><strong>a</strong></span> <span class='ocrx_word' id='word_1_56' title='bbox 923 607 1145 660; x_wconf 86' lang='lat' dir='ltr'><strong>superiore</strong></span> <span class='ocrx_word' id='word_1_57' title='bbox 1176 620 1346 648; x_wconf 87' lang='lat' dir='ltr'><strong>summa</strong></span> <span class='ocrx_word' id='word_1_58' title='bbox 1371 613 1415 647; x_wconf 89' lang='lat' dir='ltr'><strong>et</strong></span> <span class='ocrx_word' id='word_1_59' title='bbox 1445 608 1501 648; x_wconf 91' lang='lat' dir='ltr'><strong>de</strong></span> <span class='ocrx_word' id='word_1_60' title='bbox 1527 607 1700 648; x_wconf 87' lang='lat' dir='ltr'><strong>residuo</strong></span> <span class='ocrx_word' id='word_1_61' title='bbox 1725 613 1846 649; x_wconf 89' lang='lat' dir='ltr'><strong>tene—</strong></span> 
     </span>
     <span class='ocr_line' id='line_1_8' title="bbox 394 674 1845 721; baseline -0.003 -1"><span class='ocrx_word' id='word_1_62' title='bbox 394 680 520 721; x_wconf 87' lang='lat' dir='ltr'><strong>bitur.</strong></span> <span class='ocrx_word' id='word_1_63' title='bbox 582 679 716 720; x_wconf 86' lang='lat' dir='ltr'><strong>Secus</strong></span> <span class='ocrx_word' id='word_1_64' title='bbox 746 683 892 718; x_wconf 90' lang='lat' dir='ltr'><strong>autem</strong></span> <span class='ocrx_word' id='word_1_65' title='bbox 927 675 1002 717; x_wconf 89' lang='lat' dir='ltr'><strong>fiet</strong></span> <span class='ocrx_word' id='word_1_66' title='bbox 1033 675 1068 715; x_wconf 87' lang='lat' dir='ltr'><strong>si</strong></span> <span class='ocrx_word' id='word_1_67' title='bbox 1100 674 1270 716; x_wconf 90' lang='lat' dir='ltr'><strong>firmam</strong></span> <span class='ocrx_word' id='word_1_68' title='bbox 1301 675 1504 717; x_wconf 86' lang='lat' dir='ltr'>blancam</span> <span class='ocrx_word' id='word_1_69' title='bbox 1539 676 1596 716; x_wconf 90' lang='lat' dir='ltr'><strong>sit</strong></span> <span class='ocrx_word' id='word_1_70' title='bbox 1626 675 1845 717; x_wconf 88' lang='lat' dir='ltr'><strong>soluturus</strong></span> 
     </span>
     <span class='ocr_line' id='line_1_9' title="bbox 396 743 1541 802; baseline -0.003 -14"><span class='ocrx_word' id='word_1_71' title='bbox 396 748 517 802; x_wconf 91' lang='lat' dir='ltr'><strong>quod</strong></span> <span class='ocrx_word' id='word_1_72' title='bbox 539 747 583 787; x_wconf 91' lang='lat' dir='ltr'><strong>in</strong></span> <span class='ocrx_word' id='word_1_73' title='bbox 604 746 782 799; x_wconf 84' lang='lat' dir='ltr'><strong>agendis</strong></span> <span class='ocrx_word' id='word_1_74' title='bbox 801 744 1067 786; x_wconf 90' lang='lat' dir='ltr'><strong>vicecomitis</strong></span> <span class='ocrx_word' id='word_1_75' title='bbox 1088 743 1256 797; x_wconf 88' lang='lat' dir='ltr'><strong>plenius</strong></span> <span class='ocrx_word' id='word_1_76' title='bbox 1277 744 1541 785; x_wconf 90' lang='lat' dir='ltr'><strong>ostendetur.</strong></span> 
     </span>
     <span class='ocr_line' id='line_1_10' title="bbox 453 812 1848 868; baseline -0.001 -12"><span class='ocrx_word' id='word_1_77' title='bbox 453 815 713 868; x_wconf 69' lang='lat' dir='ltr'><strong>Discipztlus.</strong></span> <span class='ocrx_word' id='word_1_78' title='bbox 776 815 910 855; x_wconf 88' lang='lat' dir='ltr'><strong>Parce</strong></span> <span class='ocrx_word' id='word_1_79' title='bbox 944 826 1180 867; x_wconf 89' lang='lat' dir='ltr'><strong>parumper</strong></span> <span class='ocrx_word' id='word_1_80' title='bbox 1215 812 1400 854; x_wconf 86' lang='lat' dir='ltr'><strong>currenti</strong></span> <span class='ocrx_word' id='word_1_81' title='bbox 1433 812 1602 855; x_wconf 90' lang='lat' dir='ltr'><strong>calamo</strong></span> <span class='ocrx_word' id='word_1_82' title='bbox 1634 818 1680 854; x_wconf 93' lang='lat' dir='ltr'><strong>vt</strong></span> <span class='ocrx_word' id='word_1_83' title='bbox 1720 813 1848 854; x_wconf 87' lang='lat' dir='ltr'><strong>liceat</strong></span> 
     </span>
    </p>

    <p class='ocr_par' dir='ltr' id='par_1_3' title="bbox 336 884 635 939">
     <span class='ocr_line' id='line_1_11' title="bbox 336 884 635 939; baseline 0 -15"><span class='ocrx_word' id='word_1_84' title='bbox 336 902 375 925; x_wconf 89' lang='lat'><strong>10</strong></span> <span class='ocrx_word' id='word_1_85' title='bbox 395 885 541 939; x_wconf 88' lang='lat' dir='ltr'><strong>paucis</strong></span> <span class='ocrx_word' id='word_1_86' title='bbox 561 884 635 925; x_wconf 91' lang='lat' dir='ltr'><strong>vti.</strong></span> 
     </span>
    </p>

    <p class='ocr_par' dir='ltr' id='par_1_4' title="bbox 395 950 1849 1076">
     <span class='ocr_line' id='line_1_12' title="bbox 452 950 1849 1007; baseline -0.002 -13"><span class='ocrx_word' id='word_1_87' title='bbox 452 954 682 1007; x_wconf 77' lang='lat' dir='ltr'><strong>Magister.</strong></span> <span class='ocrx_word' id='word_1_88' title='bbox 749 952 852 995; x_wconf 88' lang='lat' dir='ltr'><strong>‘Ad</strong></span> <span class='ocrx_word' id='word_1_89' title='bbox 903 952 1043 994; x_wconf 89' lang='lat' dir='ltr'><strong>aleam</strong></span> <span class='ocrx_word' id='word_1_90' title='bbox 1093 952 1256 994; x_wconf 87' lang='lat' dir='ltr'><strong>resides</strong></span> <span class='ocrx_word' id='word_1_91' title='bbox 1306 965 1384 993; x_wconf 91' lang='lat' dir='ltr'><strong>nec</strong></span> <span class='ocrx_word' id='word_1_92' title='bbox 1434 956 1536 993; x_wconf 89' lang='lat' dir='ltr'><strong>sunt</strong></span> <span class='ocrx_word' id='word_1_93' title='bbox 1585 950 1667 991; x_wconf 87' lang='lat' dir='ltr'><strong>tibi</strong></span> <span class='ocrx_word' id='word_1_94' title='bbox 1717 951 1849 992; x_wconf 87' lang='lat' dir='ltr'><strong>verba</strong></span> 
     </span>
     <span class='ocr_line' id='line_1_13' title="bbox 395 1021 621 1076; baseline 0 -12"><span class='ocrx_word' id='word_1_95' title='bbox 395 1021 621 1076; x_wconf 57' lang='lat' dir='ltr'><strong>neganda)</strong></span> 
     </span>
    </p>

    <p class='ocr_par' dir='ltr' id='par_1_5' title="bbox 341 1088 1851 1212">
     <span class='ocr_line' id='line_1_14' title="bbox 341 1088 1851 1144; baseline -0.003 -11"><span class='ocrx_word' id='word_1_96' title='bbox 341 1102 374 1133; x_wconf 88' lang='lat' dir='ltr'>N</span> <span class='ocrx_word' id='word_1_97' title='bbox 451 1091 712 1144; x_wconf 76' lang='lat' dir='ltr'><strong>Dz&#39;scz&#39;pztlus.</strong></span> <span class='ocrx_word' id='word_1_98' title='bbox 771 1090 929 1131; x_wconf 89' lang='lat' dir='ltr'><strong>Videre</strong></span> <span class='ocrx_word' id='word_1_99' title='bbox 951 1089 1055 1130; x_wconf 87' lang='lat' dir='ltr'><strong>mihi</strong></span> <span class='ocrx_word' id='word_1_100' title='bbox 1081 1089 1231 1131; x_wconf 89' lang='lat' dir='ltr'><strong>videor</strong></span> <span class='ocrx_word' id='word_1_101' title='bbox 1255 1088 1346 1130; x_wconf 89' lang='lat' dir='ltr'><strong>fieri</strong></span> <span class='ocrx_word' id='word_1_102' title='bbox 1367 1102 1495 1142; x_wconf 89' lang='lat' dir='ltr'><strong>posse</strong></span> <span class='ocrx_word' id='word_1_103' title='bbox 1523 1088 1688 1130; x_wconf 91' lang='lat' dir='ltr'><strong>ratione</strong></span> <span class='ocrx_word' id='word_1_104' title='bbox 1709 1088 1851 1129; x_wconf 89' lang='lat' dir='ltr'><strong>calcu-</strong></span> 
     </span>
     <span class='ocr_line' id='line_1_15' title="bbox 394 1158 1850 1212; baseline -0.003 -12"><span class='ocrx_word' id='word_1_105' title='bbox 394 1159 514 1201; x_wconf 89' lang='lat' dir='ltr'><strong>landi</strong></span> <span class='ocrx_word' id='word_1_106' title='bbox 536 1166 581 1200; x_wconf 89' lang='lat' dir='ltr'><strong>vt</strong></span> <span class='ocrx_word' id='word_1_107' title='bbox 603 1160 719 1199; x_wconf 86' lang='lat' dir='ltr'><strong>idem</strong></span> <span class='ocrx_word' id='word_1_108' title='bbox 743 1159 943 1200; x_wconf 90' lang='lat' dir='ltr'><strong>denarius</strong></span> <span class='ocrx_word' id='word_1_109' title='bbox 966 1172 1046 1212; x_wconf 90' lang='lat' dir='ltr'><strong>pro</strong></span> <span class='ocrx_word' id='word_1_110' title='bbox 1073 1158 1239 1199; x_wconf 91' lang='lat' dir='ltr'><strong>calculo</strong></span> <span class='ocrx_word' id='word_1_111' title='bbox 1261 1159 1416 1199; x_wconf 89' lang='lat' dir='ltr'><strong>missus</strong></span> <span class='ocrx_word' id='word_1_112' title='bbox 1438 1171 1552 1200; x_wconf 89' lang='lat' dir='ltr'><strong>nunc</strong></span> <span class='ocrx_word' id='word_1_113' title='bbox 1579 1171 1713 1198; x_wconf 92' lang='lat' dir='ltr'><strong>vnum</strong></span> <span class='ocrx_word' id='word_1_114' title='bbox 1735 1170 1850 1197; x_wconf 90' lang='lat' dir='ltr'><strong>nunc</strong></span> 
     </span>
    </p>

    <p class='ocr_par' dir='ltr' id='par_1_6' title="bbox 340 1226 1754 1279">
     <span class='ocr_line' id='line_1_16' title="bbox 340 1226 1754 1279; baseline -0.002 -10"><span class='ocrx_word' id='word_1_115' title='bbox 340 1243 376 1274; x_wconf 87' lang='lat'><strong>15</strong></span> <span class='ocrx_word' id='word_1_116' title='bbox 396 1228 586 1270; x_wconf 86' lang='lat' dir='ltr'><strong>solidum</strong></span> <span class='ocrx_word' id='word_1_117' title='bbox 612 1241 727 1269; x_wconf 91' lang='lat' dir='ltr'><strong>nunc</strong></span> <span class='ocrx_word' id='word_1_118' title='bbox 748 1227 902 1268; x_wconf 87' lang='lat' dir='ltr'><strong>libram</strong></span> <span class='ocrx_word' id='word_1_119' title='bbox 925 1241 1036 1268; x_wconf 92' lang='lat' dir='ltr'><strong>nunc</strong></span> <span class='ocrx_word' id='word_1_120' title='bbox 1059 1233 1236 1268; x_wconf 88' lang='lat' dir='ltr'><strong>centum</strong></span> <span class='ocrx_word' id='word_1_121' title='bbox 1258 1240 1371 1268; x_wconf 88' lang='lat' dir='ltr'><strong>nunc</strong></span> <span class='ocrx_word' id='word_1_122' title='bbox 1393 1227 1508 1267; x_wconf 91' lang='lat' dir='ltr'><strong>mille</strong></span> <span class='ocrx_word' id='word_1_123' title='bbox 1530 1226 1754 1279; x_wconf 88' lang='lat' dir='ltr'><strong>significet.</strong></span> 
     </span>
    </p>

    <p class='ocr_par' dir='ltr' id='par_1_7' title="bbox 398 1295 1852 1488">
     <span class='ocr_line' id='line_1_17' title="bbox 453 1295 1852 1350; baseline -0.001 -13"><span class='ocrx_word' id='word_1_124' title='bbox 453 1297 686 1350; x_wconf 78' lang='lat' dir='ltr'><strong>Magister.</strong></span> <span class='ocrx_word' id='word_1_125' title='bbox 749 1296 822 1338; x_wconf 85' lang='lat' dir='ltr'><strong>Sic</strong></span> <span class='ocrx_word' id='word_1_126' title='bbox 859 1302 925 1338; x_wconf 89' lang='lat' dir='ltr'><strong>est</strong></span> <span class='ocrx_word' id='word_1_127' title='bbox 960 1296 1219 1348; x_wconf 89' lang='lat' dir='ltr'><strong>quibusdam</strong></span> <span class='ocrx_word' id='word_1_128' title='bbox 1251 1301 1398 1336; x_wconf 85' lang='lat' dir='ltr'><strong>tamen</strong></span> <span class='ocrx_word' id='word_1_129' title='bbox 1428 1295 1654 1348; x_wconf 90' lang='lat' dir='ltr'><strong>appositis.</strong></span> <span class='ocrx_word' id='word_1_130' title='bbox 1717 1295 1852 1336; x_wconf 88' lang='lat' dir='ltr'><strong>Item·</strong></span> 
     </span>
     <span class='ocr_line' id='line_1_18' title="bbox 398 1363 1851 1419; baseline -0.002 -13"><span class='ocrx_word' id='word_1_131' title='bbox 398 1379 483 1419; x_wconf 91' lang='lat' dir='ltr'><strong>que</strong></span> <span class='ocrx_word' id='word_1_132' title='bbox 506 1365 597 1405; x_wconf 90' lang='lat' dir='ltr'><strong>fieri</strong></span> <span class='ocrx_word' id='word_1_133' title='bbox 620 1371 767 1418; x_wconf 90' lang='lat' dir='ltr'><strong>potest</strong></span> <span class='ocrx_word' id='word_1_134' title='bbox 789 1365 952 1406; x_wconf 89' lang='lat' dir='ltr'><strong>eisdem</strong></span> <span class='ocrx_word' id='word_1_135' title='bbox 972 1364 1176 1418; x_wconf 82' lang='lat' dir='ltr'><strong>demptis,</strong></span> <span class='ocrx_word' id='word_1_136' title='bbox 1189 1365 1224 1404; x_wconf 91' lang='lat' dir='ltr'><strong>si</strong></span> <span class='ocrx_word' id='word_1_137' title='bbox 1247 1363 1497 1406; x_wconf 89' lang='lat' dir='ltr'><strong>calculatori</strong></span> <span class='ocrx_word' id='word_1_138' title='bbox 1515 1363 1695 1417; x_wconf 86' lang='lat' dir='ltr'><strong>placeat,</strong></span> <span class='ocrx_word' id='word_1_139' title='bbox 1708 1370 1756 1404; x_wconf 88' lang='lat' dir='ltr'><strong>vt</strong></span> <span class='ocrx_word' id='word_1_140' title='bbox 1778 1363 1851 1416; x_wconf 91' lang='lat' dir='ltr'><strong>qui</strong></span> 
     </span>
     <span class='ocr_line' id='line_1_19' title="bbox 398 1431 1682 1488; baseline -0.003 -12"><span class='ocrx_word' id='word_1_141' title='bbox 398 1433 516 1476; x_wconf 91' lang='lat' dir='ltr'><strong>mille</strong></span> <span class='ocrx_word' id='word_1_142' title='bbox 538 1433 753 1487; x_wconf 86' lang='lat' dir='ltr'><strong>significat</strong></span> <span class='ocrx_word' id='word_1_143' title='bbox 774 1435 993 1488; x_wconf 85' lang='lat' dir='ltr'><strong>gradatim</strong></span> <span class='ocrx_word' id='word_1_144' title='bbox 1015 1434 1282 1475; x_wconf 85' lang='lat' dir='ltr'><strong>descendens</strong></span> <span class='ocrx_word' id='word_1_145' title='bbox 1302 1447 1435 1474; x_wconf 91' lang='lat' dir='ltr'><strong>vnum</strong></span> <span class='ocrx_word' id='word_1_146' title='bbox 1457 1431 1682 1486; x_wconf 89' lang='lat' dir='ltr'><strong>significet.</strong></span> 
     </span>
    </p>

    <p class='ocr_par' dir='ltr' id='par_1_8' title="bbox 455 1501 1853 1556">
     <span class='ocr_line' id='line_1_20' title="bbox 455 1501 1853 1556; baseline -0.002 -12"><span class='ocrx_word' id='word_1_147' title='bbox 455 1503 712 1556; x_wconf 57' lang='lat' dir='ltr'><strong>Dz&#39;scspztlrcs.</strong></span> <span class='ocrx_word' id='word_1_148' title='bbox 773 1502 847 1544; x_wconf 89' lang='lat' dir='ltr'><strong>Sic</strong></span> <span class='ocrx_word' id='word_1_149' title='bbox 883 1502 933 1544; x_wconf 92' lang='lat' dir='ltr'><strong>fit</strong></span> <span class='ocrx_word' id='word_1_150' title='bbox 972 1509 1020 1543; x_wconf 88' lang='lat' dir='ltr'><strong>vt</strong></span> <span class='ocrx_word' id='word_1_151' title='bbox 1053 1502 1194 1555; x_wconf 91' lang='lat' dir='ltr'><strong>quiuis</strong></span> <span class='ocrx_word' id='word_1_152' title='bbox 1226 1503 1281 1544; x_wconf 87' lang='lat' dir='ltr'><strong>de</strong></span> <span class='ocrx_word' id='word_1_153' title='bbox 1321 1501 1459 1554; x_wconf 83' lang='lat' dir='ltr'><strong>plebe,</strong></span> <span class='ocrx_word' id='word_1_154' title='bbox 1492 1514 1591 1541; x_wconf 92' lang='lat' dir='ltr'><strong>cum</strong></span> <span class='ocrx_word' id='word_1_155' title='bbox 1626 1501 1761 1542; x_wconf 92' lang='lat' dir='ltr'><strong>homo</strong></span> <span class='ocrx_word' id='word_1_156' title='bbox 1796 1501 1853 1542; x_wconf 88' lang='lat' dir='ltr'><strong>sit</strong></span> 
     </span>
    </p>

    <p class='ocr_par' dir='ltr' id='par_1_9' title="bbox 340 1568 1856 1887">
     <span class='ocr_line' id='line_1_21' title="bbox 340 1568 1854 1625; baseline -0.003 -10"><span class='ocrx_word' id='word_1_157' title='bbox 340 1593 380 1615; x_wconf 84' lang='lat'><strong>20</strong></span> <span class='ocrx_word' id='word_1_158' title='bbox 400 1578 442 1613; x_wconf 88' lang='lat' dir='ltr'><strong>et</strong></span> <span class='ocrx_word' id='word_1_159' title='bbox 471 1571 587 1613; x_wconf 88' lang='lat' dir='ltr'><strong>aliud</strong></span> <span class='ocrx_word' id='word_1_160' title='bbox 620 1584 713 1613; x_wconf 91' lang='lat' dir='ltr'><strong>esse</strong></span> <span class='ocrx_word' id='word_1_161' title='bbox 745 1584 831 1612; x_wconf 93' lang='lat' dir='ltr'><strong>non</strong></span> <span class='ocrx_word' id='word_1_162' title='bbox 862 1571 1011 1624; x_wconf 87' lang='lat' dir='ltr'><strong>possit,</strong></span> <span class='ocrx_word' id='word_1_163' title='bbox 1042 1570 1357 1625; x_wconf 85' lang='lat' dir='ltr'><strong>temporalibus</strong></span> <span class='ocrx_word' id='word_1_164' title='bbox 1387 1570 1600 1624; x_wconf 91' lang='lat' dir='ltr'><strong>appositis</strong></span> <span class='ocrx_word' id='word_1_165' title='bbox 1630 1568 1854 1611; x_wconf 89' lang='lat' dir='ltr'><strong>voluntate</strong></span> 
     </span>
     <span class='ocr_line' id='line_1_22' title="bbox 400 1639 1856 1694; baseline -0.001 -13"><span class='ocrx_word' id='word_1_166' title='bbox 400 1639 664 1694; x_wconf 89' lang='lat' dir='ltr'><strong>presidentis</strong></span> <span class='ocrx_word' id='word_1_167' title='bbox 703 1640 758 1680; x_wconf 92' lang='lat' dir='ltr'><strong>ab</strong></span> <span class='ocrx_word' id='word_1_168' title='bbox 792 1639 882 1681; x_wconf 92' lang='lat' dir='ltr'><strong>imo</strong></span> <span class='ocrx_word' id='word_1_169' title='bbox 919 1639 1184 1681; x_wconf 91' lang='lat' dir='ltr'><strong>conscendat</strong></span> <span class='ocrx_word' id='word_1_170' title='bbox 1226 1639 1268 1679; x_wconf 91' lang='lat' dir='ltr'><strong>in</strong></span> <span class='ocrx_word' id='word_1_171' title='bbox 1305 1652 1527 1679; x_wconf 89' lang='lat' dir='ltr'><strong>summum</strong></span> <span class='ocrx_word' id='word_1_172' title='bbox 1563 1652 1613 1680; x_wconf 91' lang='lat' dir='ltr'><strong>ac</strong></span> <span class='ocrx_word' id='word_1_173' title='bbox 1649 1639 1856 1692; x_wconf 88' lang='lat' dir='ltr'><strong>deinceps</strong></span> 
     </span>
     <span class='ocr_line' id='line_1_23' title="bbox 400 1707 1854 1761; baseline -0.002 -11"><span class='ocrx_word' id='word_1_174' title='bbox 400 1710 571 1750; x_wconf 85' lang='lat' dir='ltr'><strong>fortune</strong></span> <span class='ocrx_word' id='word_1_175' title='bbox 613 1708 710 1761; x_wconf 89' lang='lat' dir='ltr'><strong>lege</strong></span> <span class='ocrx_word' id='word_1_176' title='bbox 753 1714 926 1749; x_wconf 87' lang='lat' dir='ltr'><strong>seruata</strong></span> <span class='ocrx_word' id='word_1_177' title='bbox 965 1709 1213 1749; x_wconf 88' lang='lat' dir='ltr'><strong>retrudatur</strong></span> <span class='ocrx_word' id='word_1_178' title='bbox 1256 1707 1298 1748; x_wconf 91' lang='lat' dir='ltr'><strong>in</strong></span> <span class='ocrx_word' id='word_1_179' title='bbox 1337 1707 1484 1757; x_wconf 90' lang='lat' dir='ltr'><strong>imum,</strong></span> <span class='ocrx_word' id='word_1_180' title='bbox 1516 1721 1696 1748; x_wconf 89' lang='lat' dir='ltr'><strong>manens</strong></span> <span class='ocrx_word' id='word_1_181' title='bbox 1736 1707 1854 1760; x_wconf 96' lang='lat' dir='ltr'><strong>quod</strong></span> 
     </span>
     <span class='ocr_line' id='line_1_24' title="bbox 401 1775 1856 1831; baseline -0.001 -13"><span class='ocrx_word' id='word_1_182' title='bbox 401 1777 553 1828; x_wconf 88' lang='lat' dir='ltr'><strong>fuerat,</strong></span> <span class='ocrx_word' id='word_1_183' title='bbox 582 1777 683 1818; x_wconf 90' lang='lat' dir='ltr'><strong>licet</strong></span> <span class='ocrx_word' id='word_1_184' title='bbox 714 1777 915 1818; x_wconf 89' lang='lat' dir='ltr'><strong>videatur</strong></span> <span class='ocrx_word' id='word_1_185' title='bbox 949 1777 1117 1818; x_wconf 89' lang='lat' dir='ltr'><strong>ratione</strong></span> <span class='ocrx_word' id='word_1_186' title='bbox 1148 1777 1373 1831; x_wconf 85' lang='lat' dir='ltr'><strong>dignitatis</strong></span> <span class='ocrx_word' id='word_1_187' title='bbox 1405 1784 1447 1818; x_wconf 94' lang='lat' dir='ltr'><strong>et</strong></span> <span class='ocrx_word' id='word_1_188' title='bbox 1479 1782 1616 1818; x_wconf 91' lang='lat' dir='ltr'><strong>status</strong></span> <span class='ocrx_word' id='word_1_189' title='bbox 1647 1790 1673 1818; x_wconf 91' lang='lat' dir='ltr'><strong>a</strong></span> <span class='ocrx_word' id='word_1_190' title='bbox 1700 1789 1746 1818; x_wconf 90' lang='lat' dir='ltr'><strong>se</strong></span> <span class='ocrx_word' id='word_1_191' title='bbox 1777 1775 1856 1818; x_wconf 88' lang='lat' dir='ltr'><strong>sibi</strong></span> 
     </span>
     <span class='ocr_line' id='line_1_25' title="bbox 402 1852 608 1887; baseline -0.01 0"><span class='ocrx_word' id='word_1_192' title='bbox 402 1852 608 1887; x_wconf 91' lang='lat' dir='ltr'><strong>mutatus.</strong></span> 
     </span>
    </p>

    <p class='ocr_par' dir='ltr' id='par_1_10' title="bbox 343 1913 1860 2244">
     <span class='ocr_line' id='line_1_26' title="bbox 343 1913 1856 1968; baseline -0.001 -12"><span class='ocrx_word' id='word_1_193' title='bbox 343 1935 357 1956; x_wconf 85' lang='lat'>2</span> <span class='ocrx_word' id='word_1_194' title='bbox 365 1935 381 1967; x_wconf 85' lang='lat'>5</span> <span class='ocrx_word' id='word_1_195' title='bbox 459 1915 693 1968; x_wconf 77' lang='lat' dir='ltr'><strong>Magister.</strong></span> <span class='ocrx_word' id='word_1_196' title='bbox 753 1914 907 1955; x_wconf 86' lang='lat' dir='ltr'><strong>Nescis</strong></span> <span class='ocrx_word' id='word_1_197' title='bbox 923 1914 1040 1967; x_wconf 93' lang='lat' dir='ltr'><strong>quod</strong></span> <span class='ocrx_word' id='word_1_198' title='bbox 1058 1927 1204 1955; x_wconf 89' lang='lat' dir='ltr'><strong>sermo</strong></span> <span class='ocrx_word' id='word_1_199' title='bbox 1216 1920 1317 1955; x_wconf 89' lang='lat' dir='ltr'><strong>tuus</strong></span> <span class='ocrx_word' id='word_1_200' title='bbox 1334 1928 1420 1956; x_wconf 89' lang='lat' dir='ltr'><strong>non</strong></span> <span class='ocrx_word' id='word_1_201' title='bbox 1437 1915 1553 1968; x_wconf 86' lang='lat' dir='ltr'><strong>capit</strong></span> <span class='ocrx_word' id='word_1_202' title='bbox 1569 1914 1613 1955; x_wconf 91' lang='lat' dir='ltr'><strong>in</strong></span> <span class='ocrx_word' id='word_1_203' title='bbox 1631 1913 1832 1955; x_wconf 89' lang='lat' dir='ltr'><strong>omnibus</strong></span> <span class='ocrx_word' id='word_1_204' title='bbox 1848 1929 1856 1954; x_wconf 94' lang='lat'>:</span> 
     </span>
     <span class='ocr_line' id='line_1_27' title="bbox 402 1983 1858 2038; baseline -0.001 -14"><span class='ocrx_word' id='word_1_205' title='bbox 402 1997 564 2033; x_wconf 87' lang='lat' dir='ltr'><strong>verum,</strong></span> <span class='ocrx_word' id='word_1_206' title='bbox 582 1983 790 2036; x_wconf 86' lang='lat' dir='ltr'><strong>quicquid</strong></span> <span class='ocrx_word' id='word_1_207' title='bbox 812 1983 908 2024; x_wconf 89' lang='lat' dir='ltr'><strong>aliis</strong></span> <span class='ocrx_word' id='word_1_208' title='bbox 924 1983 1133 2033; x_wconf 87' lang='lat' dir='ltr'><strong>videatur,</strong></span> <span class='ocrx_word' id='word_1_209' title='bbox 1148 1983 1253 2024; x_wconf 90' lang='lat' dir='ltr'><strong>mihi</strong></span> <span class='ocrx_word' id='word_1_210' title='bbox 1274 1984 1378 2024; x_wconf 91' lang='lat' dir='ltr'><strong>satis</strong></span> <span class='ocrx_word' id='word_1_211' title='bbox 1398 1983 1542 2038; x_wconf 88' lang='lat' dir='ltr'><strong>placet</strong></span> <span class='ocrx_word' id='word_1_212' title='bbox 1557 1983 1676 2036; x_wconf 92' lang='lat' dir='ltr'><strong>quod</strong></span> <span class='ocrx_word' id='word_1_213' title='bbox 1697 1997 1753 2024; x_wconf 84' lang='lat' dir='ltr'><strong>ex</strong></span> <span class='ocrx_word' id='word_1_214' title='bbox 1775 1983 1858 2024; x_wconf 87' lang='lat' dir='ltr'><strong>hiis</strong></span> 
     </span>
     <span class='ocr_line' id='line_1_28' title="bbox 402 2053 1860 2095; baseline 0 -1"><span class='ocrx_word' id='word_1_215' title='bbox 402 2053 488 2094; x_wconf 90' lang='lat' dir='ltr'><strong>alia</strong></span> <span class='ocrx_word' id='word_1_216' title='bbox 517 2053 688 2094; x_wconf 88' lang='lat' dir='ltr'><strong>conicis.</strong></span> <span class='ocrx_word' id='word_1_217' title='bbox 754 2053 804 2093; x_wconf 91' lang='lat' dir='ltr'><strong>In</strong></span> <span class='ocrx_word' id='word_1_218' title='bbox 840 2053 1160 2094; x_wconf 87' lang='lat' dir='ltr'><strong>mundanorum</strong></span> <span class='ocrx_word' id='word_1_219' title='bbox 1197 2053 1311 2094; x_wconf 91' lang='lat' dir='ltr'><strong>enim</strong></span> <span class='ocrx_word' id='word_1_220' title='bbox 1344 2053 1515 2094; x_wconf 91' lang='lat' dir='ltr'><strong>tribulis</strong></span> <span class='ocrx_word' id='word_1_221' title='bbox 1544 2053 1701 2095; x_wconf 89' lang='lat' dir='ltr'><strong>mistici</strong></span> <span class='ocrx_word' id='word_1_222' title='bbox 1733 2053 1860 2095; x_wconf 87' lang='lat' dir='ltr'><strong>intel-</strong></span> 
     </span>
     <span class='ocr_line' id='line_1_29' title="bbox 402 2122 1860 2175; baseline 0 -12"><span class='ocrx_word' id='word_1_223' title='bbox 402 2122 540 2163; x_wconf 89' lang='lat' dir='ltr'><strong>lectus</strong></span> <span class='ocrx_word' id='word_1_224' title='bbox 562 2122 692 2162; x_wconf 88' lang='lat' dir='ltr'><strong>flores</strong></span> <span class='ocrx_word' id='word_1_225' title='bbox 717 2135 898 2175; x_wconf 89' lang='lat' dir='ltr'><strong>querere</strong></span> <span class='ocrx_word' id='word_1_226' title='bbox 919 2122 1140 2163; x_wconf 89' lang='lat' dir='ltr'><strong>laudabile</strong></span> <span class='ocrx_word' id='word_1_227' title='bbox 1166 2128 1244 2163; x_wconf 89' lang='lat' dir='ltr'><strong>est.</strong></span> <span class='ocrx_word' id='word_1_228' title='bbox 1298 2122 1394 2163; x_wconf 92' lang='lat' dir='ltr'><strong>Nec</strong></span> <span class='ocrx_word' id='word_1_229' title='bbox 1415 2122 1458 2162; x_wconf 91' lang='lat' dir='ltr'><strong>in</strong></span> <span class='ocrx_word' id='word_1_230' title='bbox 1480 2122 1560 2162; x_wconf 91' lang='lat' dir='ltr'><strong>hiis</strong></span> <span class='ocrx_word' id='word_1_231' title='bbox 1580 2128 1752 2164; x_wconf 90' lang='lat' dir='ltr'><strong>tantum</strong></span> <span class='ocrx_word' id='word_1_232' title='bbox 1774 2136 1860 2175; x_wconf 91' lang='lat' dir='ltr'><strong>que</strong></span> 
     </span>
     <span class='ocr_line' id='line_1_30' title="bbox 404 2191 1858 2244; baseline -0.001 -12"><span class='ocrx_word' id='word_1_233' title='bbox 404 2204 720 2232; x_wconf 87' lang='lat' dir='ltr'><strong>commemoras</strong></span> <span class='ocrx_word' id='word_1_234' title='bbox 751 2197 815 2232; x_wconf 90' lang='lat' dir='ltr'><strong>set</strong></span> <span class='ocrx_word' id='word_1_235' title='bbox 852 2191 895 2231; x_wconf 91' lang='lat' dir='ltr'><strong>in</strong></span> <span class='ocrx_word' id='word_1_236' title='bbox 927 2197 1022 2232; x_wconf 89' lang='lat' dir='ltr'><strong>tota</strong></span> <span class='ocrx_word' id='word_1_237' title='bbox 1057 2191 1259 2233; x_wconf 85' lang='lat' dir='ltr'><strong>scaccarii</strong></span> <span class='ocrx_word' id='word_1_238' title='bbox 1294 2191 1583 2244; x_wconf 89' lang='lat' dir='ltr'><strong>descriptione</strong></span> <span class='ocrx_word' id='word_1_239' title='bbox 1613 2205 1858 2233; x_wconf 85' lang='lat' dir='ltr'><strong>sacramen-</strong></span> 
     </span>
    </p>

    <p class='ocr_par' dir='ltr' id='par_1_11' title="bbox 347 2258 1860 2588">
     <span class='ocr_line' id='line_1_31' title="bbox 347 2258 1859 2312; baseline 0.001 -14"><span class='ocrx_word' id='word_1_240' title='bbox 347 2276 388 2307; x_wconf 80' lang='lat'><strong>30</strong></span> <span class='ocrx_word' id='word_1_241' title='bbox 406 2265 551 2300; x_wconf 89' lang='lat' dir='ltr'><strong>torum</strong></span> <span class='ocrx_word' id='word_1_242' title='bbox 569 2259 758 2311; x_wconf 90' lang='lat' dir='ltr'><strong>quedam</strong></span> <span class='ocrx_word' id='word_1_243' title='bbox 777 2259 960 2300; x_wconf 88' lang='lat' dir='ltr'><strong>latibula</strong></span> <span class='ocrx_word' id='word_1_244' title='bbox 976 2265 1088 2301; x_wconf 90' lang='lat' dir='ltr'><strong>sunt.</strong></span> <span class='ocrx_word' id='word_1_245' title='bbox 1151 2258 1404 2301; x_wconf 87' lang='lat' dir='ltr'><strong>Officiorum</strong></span> <span class='ocrx_word' id='word_1_246' title='bbox 1421 2272 1607 2312; x_wconf 90' lang='lat' dir='ltr'><strong>namque</strong></span> <span class='ocrx_word' id='word_1_247' title='bbox 1623 2259 1859 2310; x_wconf 88' lang='lat' dir='ltr'><strong>diuersitas,</strong></span> 
     </span>
     <span class='ocr_line' id='line_1_32' title="bbox 406 2327 1859 2381; baseline 0.001 -14"><span class='ocrx_word' id='word_1_248' title='bbox 406 2327 628 2369; x_wconf 89' lang='lat' dir='ltr'><strong>iudiciarie</strong></span> <span class='ocrx_word' id='word_1_249' title='bbox 668 2328 901 2381; x_wconf 89' lang='lat' dir='ltr'><strong>potestatis</strong></span> <span class='ocrx_word' id='word_1_250' title='bbox 937 2328 1184 2378; x_wconf 88' lang='lat' dir='ltr'><strong>auctoritas,</strong></span> <span class='ocrx_word' id='word_1_251' title='bbox 1221 2328 1338 2381; x_wconf 90' lang='lat' dir='ltr'><strong>regie</strong></span> <span class='ocrx_word' id='word_1_252' title='bbox 1379 2328 1578 2381; x_wconf 90' lang='lat' dir='ltr'><strong>imaginis</strong></span> <span class='ocrx_word' id='word_1_253' title='bbox 1621 2327 1859 2381; x_wconf 87' lang='lat' dir='ltr'><strong>impressio,</strong></span> 
     </span>
     <span class='ocr_line' id='line_1_33' title="bbox 407 2395 1860 2450; baseline 0 -14"><span class='ocrx_word' id='word_1_254' title='bbox 407 2396 662 2437; x_wconf 86' lang='lat' dir='ltr'><strong>citationum</strong></span> <span class='ocrx_word' id='word_1_255' title='bbox 712 2396 899 2446; x_wconf 89' lang='lat' dir='ltr'><strong>emissio,</strong></span> <span class='ocrx_word' id='word_1_256' title='bbox 938 2396 1182 2438; x_wconf 91' lang='lat' dir='ltr'><strong>rotulorum</strong></span> <span class='ocrx_word' id='word_1_257' title='bbox 1227 2397 1498 2450; x_wconf 91' lang='lat' dir='ltr'><strong>conscriptio,</strong></span> <span class='ocrx_word' id='word_1_258' title='bbox 1548 2395 1860 2437; x_wconf 90' lang='lat' dir='ltr'><strong>villicationum</strong></span> 
     </span>
     <span class='ocr_line' id='line_1_34' title="bbox 407 2464 1859 2518; baseline 0.002 -15"><span class='ocrx_word' id='word_1_259' title='bbox 407 2465 528 2513; x_wconf 79' lang='lat' dir='ltr'><strong>ratio,</strong></span> <span class='ocrx_word' id='word_1_260' title='bbox 546 2465 794 2506; x_wconf 91' lang='lat' dir='ltr'><strong>debitorum</strong></span> <span class='ocrx_word' id='word_1_261' title='bbox 811 2466 999 2514; x_wconf 86' lang='lat' dir='ltr'><strong>exactio,</strong></span> <span class='ocrx_word' id='word_1_262' title='bbox 1016 2478 1187 2506; x_wconf 87' lang='lat' dir='ltr'><strong>reorum</strong></span> <span class='ocrx_word' id='word_1_263' title='bbox 1202 2465 1542 2518; x_wconf 86' lang='lat' dir='ltr'><strong>condempnatio</strong></span> <span class='ocrx_word' id='word_1_264' title='bbox 1558 2464 1627 2504; x_wconf 90' lang='lat' dir='ltr'><strong>vel</strong></span> <span class='ocrx_word' id='word_1_265' title='bbox 1641 2464 1859 2506; x_wconf 89' lang='lat' dir='ltr'><strong>absolutio</strong></span> 
     </span>
     <span class='ocr_line' id='line_1_35' title="bbox 409 2532 1860 2588; baseline 0.001 -16"><span class='ocrx_word' id='word_1_266' title='bbox 409 2533 591 2573; x_wconf 91' lang='lat' dir='ltr'><strong>districti</strong></span> <span class='ocrx_word' id='word_1_267' title='bbox 611 2534 823 2575; x_wconf 87' lang='lat' dir='ltr'><strong>examinis</strong></span> <span class='ocrx_word' id='word_1_268' title='bbox 840 2534 977 2588; x_wconf 88' lang='lat' dir='ltr'><strong>figura</strong></span> <span class='ocrx_word' id='word_1_269' title='bbox 998 2540 1110 2583; x_wconf 90' lang='lat' dir='ltr'><strong>sunt,</strong></span> <span class='ocrx_word' id='word_1_270' title='bbox 1127 2535 1245 2588; x_wconf 94' lang='lat' dir='ltr'><strong>quod</strong></span> <span class='ocrx_word' id='word_1_271' title='bbox 1267 2532 1528 2575; x_wconf 88' lang='lat' dir='ltr'><strong>reuelabitur</strong></span> <span class='ocrx_word' id='word_1_272' title='bbox 1541 2546 1641 2573; x_wconf 92' lang='lat' dir='ltr'><strong>cum</strong></span> <span class='ocrx_word' id='word_1_273' title='bbox 1662 2534 1860 2574; x_wconf 90' lang='lat' dir='ltr'><strong>omnium</strong></span> 
     </span>
    </p>

    <p class='ocr_par' dir='ltr' id='par_1_12' title="bbox 410 2633 1869 2717">
     <span class='ocr_line' id='line_1_36' title="bbox 459 2633 1862 2680; baseline 0.003 -14"><span class='ocrx_word' id='word_1_274' title='bbox 459 2642 473 2666; x_wconf 91' lang='lat'>1</span> <span class='ocrx_word' id='word_1_275' title='bbox 493 2633 732 2677; x_wconf 84' lang='lat' dir='ltr'><strong>DepositaN</strong></span> <span class='ocrx_word' id='word_1_276' title='bbox 812 2645 834 2678; x_wconf 87' lang='grc'>4</span> <span class='ocrx_word' id='word_1_277' title='bbox 847 2634 927 2680; x_wconf 85' lang='lat' dir='ltr'><strong>ipsa</strong></span> <span class='ocrx_word' id='word_1_278' title='bbox 941 2635 973 2670; x_wconf 90' lang='lat' dir='ltr'><em>C</em></span> <span class='ocrx_word' id='word_1_279' title='bbox 1047 2636 1067 2670; x_wconf 88' lang='lat'><em>8</em></span> <span class='ocrx_word' id='word_1_280' title='bbox 1082 2634 1347 2670; x_wconf 86' lang='lat' dir='ltr'><strong>ostenditurN</strong></span> <span class='ocrx_word' id='word_1_281' title='bbox 1423 2643 1461 2669; x_wconf 90' lang='lat'><strong>11</strong></span> <span class='ocrx_word' id='word_1_282' title='bbox 1483 2633 1593 2668; x_wconf 85' lang='lat' dir='ltr'><strong>aliam</strong></span> <span class='ocrx_word' id='word_1_283' title='bbox 1606 2635 1642 2668; x_wconf 80' lang='lat' dir='ltr'><em>R</em></span> <span class='ocrx_word' id='word_1_284' title='bbox 1732 2645 1774 2678; x_wconf 83' lang='lat'><strong>14</strong></span> <span class='ocrx_word' id='word_1_285' title='bbox 1792 2645 1862 2670; x_wconf 86' lang='lat' dir='ltr'><strong>nec</strong></span> 
     </span>
     <span class='ocr_line' id='line_1_37' title="bbox 410 2681 1869 2717; baseline 0.003 -5"><span class='ocrx_word' id='word_1_286' title='bbox 410 2690 523 2713; x_wconf 89' lang='lat' dir='ltr'><strong>vnum</strong></span> <span class='ocrx_word' id='word_1_287' title='bbox 541 2681 570 2713; x_wconf 85' lang='lat' dir='ltr'><em>C</em></span> <span class='ocrx_word' id='word_1_288' title='bbox 643 2692 712 2715; x_wconf 89' lang='lat' dir='ltr'><strong>nec</strong></span> <span class='ocrx_word' id='word_1_289' title='bbox 726 2687 874 2716; x_wconf 88' lang='lat' dir='ltr'><strong>centum</strong></span> <span class='ocrx_word' id='word_1_290' title='bbox 888 2693 956 2716; x_wconf 91' lang='lat' dir='ltr'><strong>nec</strong></span> <span class='ocrx_word' id='word_1_291' title='bbox 969 2681 1069 2717; x_wconf 87' lang='lat' dir='ltr'><strong>mille</strong></span> <span class='ocrx_word' id='word_1_292' title='bbox 1081 2683 1117 2716; x_wconf 80' lang='lat' dir='ltr'><em>R</em></span> <span class='ocrx_word' id='word_1_293' title='bbox 1195 2682 1237 2717; x_wconf 93' lang='lat'><strong>16</strong></span> <span class='ocrx_word' id='word_1_294' title='bbox 1255 2688 1381 2716; x_wconf 89' lang='lat' dir='ltr'><strong>tamen</strong></span> <span class='ocrx_word' id='word_1_295' title='bbox 1392 2692 1461 2715; x_wconf 86' lang='lat' dir='ltr'><strong>om.</strong></span> <span class='ocrx_word' id='word_1_296' title='bbox 1475 2681 1519 2715; x_wconf 92' lang='lat' dir='ltr'><em>N</em></span> <span class='ocrx_word' id='word_1_297' title='bbox 1595 2691 1636 2715; x_wconf 88' lang='lat'><strong>21</strong></span> <span class='ocrx_word' id='word_1_298' title='bbox 1659 2692 1804 2716; x_wconf 88' lang='lat' dir='ltr'><strong>summa</strong></span> <span class='ocrx_word' id='word_1_299' title='bbox 1822 2682 1869 2716; x_wconf 95' lang='lat' dir='ltr'><em>N</em></span> 
     </span>
    </p>
   </div>
   <div class='ocr_carea' id='block_1_3' title="bbox 413 2726 1865 2772">
    <p class='ocr_par' dir='ltr' id='par_1_13' title="bbox 413 2726 1865 2772">
     <span class='ocr_line' id='line_1_38' title="bbox 413 2726 1865 2772; baseline 0.001 -11"><span class='ocrx_word' id='word_1_300' title='bbox 413 2735 457 2761; x_wconf 88' lang='lat'><strong>22</strong></span> <span class='ocrx_word' id='word_1_301' title='bbox 475 2726 684 2761; x_wconf 88' lang='lat' dir='ltr'><strong>retrudatur</strong></span> <span class='ocrx_word' id='word_1_302' title='bbox 701 2729 907 2764; x_wconf 87' lang='lat' dir='ltr'><strong>retrudatur</strong></span> <span class='ocrx_word' id='word_1_303' title='bbox 928 2730 959 2763; x_wconf 84' lang='lat' dir='ltr'><em>C</em></span> <span class='ocrx_word' id='word_1_304' title='bbox 1039 2729 1113 2764; x_wconf 87' lang='lat' dir='ltr'><strong>ima</strong></span> <span class='ocrx_word' id='word_1_305' title='bbox 1130 2728 1178 2764; x_wconf 94' lang='lat' dir='ltr'><em>N</em></span> <span class='ocrx_word' id='word_1_306' title='bbox 1255 2737 1295 2772; x_wconf 85' lang='lat'><strong>25</strong></span> <span class='ocrx_word' id='word_1_307' title='bbox 1325 2729 1357 2761; x_wconf 95' lang='lat' dir='ltr'>N</span> <span class='ocrx_word' id='word_1_308' title='bbox 1365 2727 1461 2763; x_wconf 87' lang='lat' dir='ltr'><strong>oscis</strong></span> <span class='ocrx_word' id='word_1_309' title='bbox 1479 2728 1515 2762; x_wconf 81' lang='lat' dir='ltr'><em>R</em></span> <span class='ocrx_word' id='word_1_310' title='bbox 1600 2729 1644 2763; x_wconf 86' lang='lat'><strong>26</strong></span> <span class='ocrx_word' id='word_1_311' title='bbox 1671 2729 1815 2763; x_wconf 90' lang='lat' dir='ltr'><strong>videtur</strong></span> <span class='ocrx_word' id='word_1_312' title='bbox 1834 2728 1865 2763; x_wconf 88' lang='lat' dir='ltr'><em>C</em></span> 
     </span>
    </p>
   </div>
   <div class='ocr_carea' id='block_1_4' title="bbox 412 2771 1863 2864">
    <p class='ocr_par' dir='ltr' id='par_1_14' title="bbox 412 2771 1863 2864">
     <span class='ocr_line' id='line_1_39' title="bbox 412 2771 1863 2825; baseline 0.002 -18"><span class='ocrx_word' id='word_1_313' title='bbox 412 2781 456 2815; x_wconf 90' lang='lat'><strong>27</strong></span> <span class='ocrx_word' id='word_1_314' title='bbox 475 2771 593 2825; x_wconf 69' lang='lat' dir='ltr'><strong>enim]</strong></span> <span class='ocrx_word' id='word_1_315' title='bbox 607 2784 692 2807; x_wconf 85' lang='lat' dir='ltr'><strong>vero</strong></span> <span class='ocrx_word' id='word_1_316' title='bbox 707 2775 753 2807; x_wconf 93' lang='lat' dir='ltr'><em>N</em></span> <span class='ocrx_word' id='word_1_317' title='bbox 888 2775 1034 2811; x_wconf 66' lang='lat' dir='ltr'><strong>mistis?</strong></span> <span class='ocrx_word' id='word_1_318' title='bbox 1185 2775 1229 2810; x_wconf 84' lang='lat'><strong>28</strong></span> <span class='ocrx_word' id='word_1_319' title='bbox 1247 2774 1307 2821; x_wconf 92' lang='lat' dir='ltr'><strong>qui</strong></span> <span class='ocrx_word' id='word_1_320' title='bbox 1325 2775 1372 2809; x_wconf 95' lang='lat' dir='ltr'><em>N</em></span> <span class='ocrx_word' id='word_1_321' title='bbox 1531 2784 1576 2819; x_wconf 89' lang='lat'><strong>30</strong></span> <span class='ocrx_word' id='word_1_322' title='bbox 1595 2775 1815 2810; x_wconf 84' lang='lat' dir='ltr'><strong>Offeriorum</strong></span> <span class='ocrx_word' id='word_1_323' title='bbox 1827 2776 1863 2810; x_wconf 80' lang='lat' dir='ltr'><em>R</em></span> 
     </span>
     <span class='ocr_line' id='line_1_40' title="bbox 413 2821 799 2864; baseline 0.003 -10"><span class='ocrx_word' id='word_1_324' title='bbox 413 2829 456 2864; x_wconf 88' lang='lat'><strong>32</strong></span> <span class='ocrx_word' id='word_1_325' title='bbox 476 2825 708 2854; x_wconf 81' lang='lat' dir='ltr'><strong>scltationum</strong></span> <span class='ocrx_word' id='word_1_326' title='bbox 722 2821 799 2856; x_wconf 83' lang='lat' dir='ltr'><strong>NR</strong></span> 
     </span>
    </p>
   </div>
  </div>
 </body>
</html>
