2022 3281
441 196 495 236 60
927 193 1014 235 DE
1047 191 1406 234 SCACCARIO
1630 189 1678 243 [1.
1701 197 1838 230 PROL.
1861 197 1889 228 B

441 308 746 351 communibus
774 305 1017 348 necessario
1044 306 1255 346 Vtendum
1283 311 1349 346 est
1369 305 1510 346 verbis
1536 309 1584 345 ut
1611 303 1695 344 sint
1717 302 1890 356 cognati

439 366 663 419 sermones
698 375 824 417 rebus
864 376 919 416 de
959 373 1115 427 quibus
1156 372 1385 426 loquimur.
1447 373 1648 414 Preterea
1688 370 1890 425 quamuis

441 446 699 500 plerumque
721 457 832 485 noua
859 443 985 484 liceat
1006 441 1182 482 nomina
1203 440 1376 494 fingere,
1397 454 1503 494 rogo
1525 447 1670 482 tamen
1693 440 1726 480 si
1749 438 1893 493 placet

440 522 487 556 vt
507 514 675 556 vsitatis
703 526 845 553 rerum
875 512 1067 564 ipsarum
1087 508 1324 559 vocabulis,
1345 523 1429 562 que
1456 510 1512 550 ad
1539 509 1749 563 placitum
1778 513 1894 558 sunt,

403 585 502 633 5vti
543 596 631 624 non
670 581 848 635 pudeat,
889 593 967 620 nec
1009 591 1125 619 noua
1162 577 1392 620 difficultas
1433 592 1491 619 ex
1530 578 1710 620 insolitis
1749 578 1894 619 verbis

440 653 595 693 oborta
617 649 803 702 amplius
829 645 1076 702 perturbet.’
1139 647 1256 687 Tum
1279 659 1375 700 ego,
1397 651 1406 668 ‘
1423 646 1548 688 Sensi
1570 653 1614 688 te
1635 648 1804 696 iratum,
1828 652 1895 688 set

440 718 711 771 animequior
731 723 850 766 est0;
883 715 1038 756 faciam
1062 715 1179 768 quod
1201 714 1399 756 hortaris.
1451 713 1646 769 Surgens
1667 728 1770 769 ergo
1791 715 1895 755 sede

441 802 498 829 ex
535 788 721 828 aduerso
759 791 802 826 et
833 785 887 826 de
918 784 1002 824 hiis
1033 784 1105 837 qui
1136 790 1180 825 te
1212 784 1441 825 offendunt
1471 784 1701 837 interroga.
1761 783 1895 837 Quod

441 856 584 910 siquid
603 855 847 896 inauditum
864 854 1142 908 proposueris
1164 866 1252 894 non
1273 852 1479 893 erubesco
1501 852 1643 893 dicere
1664 854 1685 871 “
1701 852 1741 892 N
1747 851 1895 903 esci0‚''

388 947 424 968 10
442 931 508 967 set
550 924 864 966 conueniamus
903 922 1036 964 ambo
1077 921 1372 964 discretiores?
1435 921 1495 962 Et
1536 920 1620 969 ille,
1653 919 1756 961 ‘Ad
1792 926 1898 961 vota

447 994 696 1048 respondes,
772 991 896 1034 Licet
937 998 1084 1033 autern
1125 991 1262 1044 turpis
1302 996 1347 1031 et
1386 990 1566 1030 ridicula
1607 1003 1673 1030 res
1713 990 1769 1029 sit
1810 989 1896 1030 ele-

410 1114 419 1122 ·
444 1062 684 1104 mentarius
716 1074 865 1109 senex,
896 1059 952 1100 ab
984 1059 1090 1114 ipsis
1122 1065 1269 1100 tamen
1303 1058 1526 1100 elementis
1556 1058 1783 1112 incipiam.’

393 1126 423 1198 A}
500 1130 758 1183 Discz'pulus.
823 1128 942 1182 Quid
965 1135 1028 1169 est
1051 1128 1343 1169 scaccarium?

500 1200 729 1253 llffagz'ster.
781 1197 1053 1240 Scaccarium
1076 1196 1228 1238 tabula
1249 1195 1550 1251 quadrangula
1572 1202 1636 1237 est
1657 1209 1742 1249 que
1761 1195 1897 1250 longi-

388 1286 424 1318 ¹5
443 1269 606 1311 tudinis
647 1267 770 1321 quasi
807 1282 853 1308 x.
885 1268 1061 1320 pedum,
1091 1265 1331 1308 latitudinis
1371 1280 1411 1306 v.
1443 1265 1499 1306 ad
1531 1266 1710 1306 modum
1752 1278 1899 1306 mense

443 1336 856 1380 circumsedentibus
873 1336 1075 1390 apposita
1091 1335 1281 1388 vndique
1297 1334 1432 1374 habet
1452 1333 1635 1374 limbum
1658 1334 1900 1374 altitudinis

443 1406 568 1460 quasi
599 1405 668 1445 iiii.
700 1405 937 1458 digitorum
969 1417 1023 1444 ne
1054 1404 1161 1457 quid
1192 1402 1442 1457 appositum
1476 1403 1666 1444 excidat.
1739 1401 1899 1455 Super-

445 1475 620 1528 ponitur
659 1480 806 1514 autem
854 1473 1069 1514 scaccario
1116 1468 1367 1528 [superiori]
1414 1484 1581 1525 pannus
1626 1471 1669 1511 in
1713 1471 1900 1511 termino

445 1544 580 1585 Pasce
616 1549 804 1595 emptus,
835 1554 921 1582 non
963 1540 1160 1594 quilibet,
1200 1541 1276 1581 sed
1322 1541 1443 1593 niger
1482 1540 1614 1592 virgis
1657 1539 1899 1589 distinctus,

387 1631 426 1652 20
447 1610 706 1652 distantibus
734 1623 760 1651 a
787 1624 833 1651 se
853 1609 984 1663 virgis
1007 1609 1075 1650 vel
1106 1609 1231 1662 pedis
1263 1608 1332 1650 vel
1363 1608 1507 1662 palme
1539 1615 1718 1650 extente
1744 1609 1900 1663 spatio.

446 1681 498 1721 In
525 1679 678 1733 spatiis
706 1685 853 1720 autem
882 1677 1033 1720 calculi
1062 1677 1172 1719 fiunt
1197 1679 1322 1719 iuxta
1351 1677 1522 1718 ordines
1543 1691 1644 1718 suos
1666 1678 1720 1718 de
1741 1678 1900 1731 quibus

444 1748 549 1790 alias
570 1749 750 1790 dicetur.
811 1747 936 1789 Licet
964 1752 1111 1788 autern
1138 1747 1287 1788 tabula
1315 1745 1413 1788 talis
1441 1746 1698 1788 scaccarium
1720 1747 1900 1795 dicatur,

443 1817 725 1858 transumitur
753 1822 901 1857 tamen
932 1815 1016 1857 hoc
1047 1828 1207 1856 nomen
1237 1822 1284 1856 vt
1321 1815 1414 1870 ipsa
1448 1829 1624 1869 quoque
1656 1816 1785 1865 curia,
1815 1828 1901 1869 que

444 1886 707 1927 consedente
722 1884 938 1926 scaccario
965 1890 1044 1932 est,
1066 1884 1332 1925 scaccarium
1354 1884 1536 1935 dicatur,
1553 1885 1664 1924 adeo
1685 1889 1733 1924 ut
1753 1884 1788 1924 si
1804 1884 1901 1937 quis

388 1972 424 2003 25
446 1967 522 2008 per
550 1954 814 1995 sententiam
843 1953 1007 2006 aliquid
1036 1952 1287 2000 obtinuerit,
1308 1952 1378 1993 vel
1405 1952 1569 2006 aliquid
1598 1953 1653 1994 de
1681 1952 1902 1994 communi

445 2023 622 2065 consilio
655 2022 784 2063 fuerit
817 2022 1116 2071 constitutum,
1150 2021 1320 2062 dicatur
1356 2020 1518 2063 factum
1551 2022 1607 2062 ad
1640 2022 1902 2062 scaccarium

444 2092 557 2133 illius
587 2090 655 2133 vel
685 2091 797 2132 illius
828 2090 940 2132 anni.
1001 2089 1132 2143 Quod
1165 2095 1312 2131 autem
1351 2090 1481 2132 hodie
1512 2090 1670 2132 dicitur
1700 2090 1755 2131 ad
1787 2102 1903 2132 scac-

445 2160 607 2202 carium
629 2159 733 2201 olim
756 2159 981 2201 dicebatur
1001 2160 1058 2200 ad
1080 2159 1230 2200 taleas.

502 2228 758 2282 Discipulus.
822 2227 921 2281 Que
941 2234 1007 2269 est
1028 2228 1139 2269 ratio
1165 2227 1294 2268 huius
1313 2227 1529 2269 nominis?

387 2318 426 2346 30
501 2298 730 2350 Magister.
793 2296 927 2337 Nulla
957 2296 1060 2336 mihi
1088 2296 1229 2337 verior
1259 2297 1315 2338 ad
1347 2309 1525 2349 presens
1555 2295 1744 2337 occurrit
1768 2308 1901 2348 quarn

446 2366 547 2419 quia
568 2365 768 2408 scaccarii
788 2364 924 2406 lusilis
946 2363 1132 2405 similem
1154 2364 1287 2405 habet
1308 2363 1504 2405 formam.

503 2434 760 2488 Discipulus.
829 2434 1057 2487 Numquid
1099 2433 1375 2486 antiquorum
1416 2432 1648 2485 prudentia
1687 2444 1768 2484 pro
1808 2431 1903 2474 sola

447 2504 583 2544 forma
613 2504 675 2544 sic
705 2503 971 2544 nominavit?
1033 2502 1146 2543 Cum
1175 2508 1220 2543 et
1246 2501 1375 2542 simili
1405 2501 1572 2542 ratione
1600 2506 1746 2554 posset
1772 2501 1901 2541 tabu-

450 2571 602 2612 larium
623 2571 844 2625 appellari.

500 2671 515 2696 1
543 2660 632 2705 sint]
649 2661 696 2696 sit
715 2662 779 2697 CR
858 2671 878 2706 3
903 2661 1054 2696 nomina
1067 2661 1176 2696 liceat
1190 2671 1287 2695 noua
1303 2659 1336 2695 C
1410 2667 1427 2705 5
1455 2670 1523 2694 nec
1538 2659 1584 2693 N
1587 2670 1679 2694 corr.
1697 2660 1752 2694 R:
1771 2671 1817 2695 ne
1834 2660 1911 2695 CN

454 2717 497 2750 14
521 2715 578 2743 est
595 2708 852 2753 quadrangula
869 2710 916 2743 N
977 2709 1018 2744 16
1045 2708 1198 2743 limbum
1215 2707 1328 2742 habet
1355 2706 1387 2742 C
1454 2716 1495 2750 19
1526 2706 1667 2741 Pasche
1688 2707 1719 2741 C
1787 2716 1903 2751 24-29

451 2754 677 2789 scaccarium
695 2754 838 2789 dicatur
855 2781 863 2790 .
883 2782 892 2790 .
912 2781 921 2790 .
939 2755 1098 2790 nominis
1115 2755 1167 2789 N
1163 2753 1176 2773 ²
1329 2761 1370 2798 25
1396 2753 1593 2788 obtinuerit
1610 2753 1668 2788 vel
1682 2753 1819 2799 aliquid
1832 2765 1903 2788 om.

451 2802 528 2836 NR
649 2801 693 2835 26
718 2801 974 2844 constitutum]
989 2801 1197 2836 institutum
1210 2801 1256 2835 N
1371 2808 1413 2842 27
1437 2799 1570 2835 dicitur
1586 2800 1670 2835 add.
1691 2801 1722 2835 C
1734 2801 1783 2835 al.
1802 2811 1901 2835 man.

453 2858 509 2892 30,
525 2856 563 2892 31
581 2847 760 2892 Magister
773 2873 781 2882 .
797 2873 805 2882 .
818 2874 826 2882 .
843 2848 999 2883 formam
1010 2848 1092 2883 add.
1107 2849 1158 2882 Ν
1155 2848 1166 2867 ²
1176 2858 1296 2893 marg.
1368 2856 1414 2891 30
1431 2846 1588 2882 occurrit
1602 2847 1650 2882 ad
1662 2857 1812 2892 presens
1829 2848 1860 2883 C
