2022 3281
181 201 219 233 11
240 187 349 248 xvii]
670 192 755 233 DE
789 191 1148 234 SCACCARIO
1553 206 1632 249 149

180 305 396 359 exigatur,
438 311 482 347 et
522 319 577 347 ne
618 307 655 348 ei
700 320 828 361 super
868 307 1021 348 eodem
1067 305 1329 360 respondeat
1373 308 1634 349 auctoritate

180 375 353 426 publice
385 376 616 428 potestatis
648 376 904 417 inhibeatur.

236 442 348 484 Item
374 444 409 483 si
434 444 607 484 debitor
634 458 660 485 a
687 451 898 498 tempore,
920 457 1008 497 quo
1029 445 1119 498 regi
1141 443 1277 485 teneri
1299 445 1427 498 cepit,
1448 443 1631 486 fundum
1650 444 1728 482 xvi

177 524 303 552 suum
334 511 401 553 vel
436 513 653 553 redditum
690 513 762 553 alii
796 512 1015 561 locauerit‚
1046 512 1114 553 vel
1149 513 1306 567 pignus
1339 526 1418 565 pro
1449 514 1633 566 pecunia

177 580 359 630 dederit,
399 581 467 622 vel
507 581 651 632 etiam,
693 582 811 634 quod
852 581 1086 622 absurdum
1131 581 1212 622 tibi
1252 581 1361 622 forte
1401 582 1669 633 videbitur,5

177 649 420 691 dominium
455 650 545 691 eius
580 663 657 703 per
687 650 985 691 venditionem
1017 665 1043 691 a
1071 664 1117 690 se
1147 650 1428 699 transtulerit,
1459 652 1494 691 si
1527 651 1633 692 alias

176 717 358 759 inuenta
385 732 472 760 non
501 725 604 760 sunt
632 733 707 772 per
729 733 814 772 que
843 720 932 771 regi
954 718 1148 767 satisfiat,
1172 732 1427 772 quecunque
1448 733 1634 773 persona

176 786 315 836 suerit,
337 801 597 841 quocunque
617 788 747 829 titulo
768 789 1083 840 possessionem
1112 794 1264 828 nactus
1292 788 1429 837 fuerit,
1452 788 1632 829 nichilo-

176 855 316 897 minus
347 869 404 896 ex
433 856 586 897 eadem
614 856 731 910 quod
760 856 816 897 ad
848 869 994 910 regem
1023 856 1211 910 pertinet
1239 857 1488 910 accipietur,
1512 857 1633 898 salua

176 925 354 965 domino
377 925 657 978 proprietate,
678 925 753 978 qui
785 926 899 967 iusto
928 938 1025 965 eam
1054 925 1182 966 titulo
1207 927 1372 978 ceperit
1400 926 1631 979 possidere,
1653 938 1693 960 10

174 993 253 1033 nisi
274 992 386 1034 forte
414 993 583 1034 debitor
610 992 680 1034 ille
706 993 828 1034 fundi
853 994 1018 1034 venditi
1047 994 1234 1046 pretium
1256 995 1312 1035 ab
1334 995 1455 1035 initio
1476 1000 1632 1048 sponte

175 1062 265 1115 regi
298 1061 488 1102 soluerit.
550 1061 674 1102 Tunc
705 1062 819 1102 enim
851 1066 948 1102 tuta
979 1062 1058 1102 erit
1089 1075 1220 1114 penes
1253 1068 1495 1116 emptorem
1529 1077 1630 1117 pos-

173 1131 320 1172 sessio.
382 1130 525 1170 Huius
545 1136 694 1171 autem
716 1130 775 1170 rei
798 1143 986 1179 causam,
1009 1129 1111 1171 licet
1135 1130 1320 1171 distorta
1345 1131 1565 1172 modicum
1588 1138 1632 1172 et

172 1199 290 1252 regie
321 1204 493 1239 tantum
523 1198 701 1240 vtilitati
737 1199 926 1239 seruiens
956 1198 1166 1246 videatur,
1198 1199 1446 1240 euidentem
1483 1206 1631 1241 tamen

172 1275 216 1310 et
236 1267 340 1308 satis
362 1268 520 1309 iustam
542 1267 779 1308 secundum
801 1267 962 1320 patrias
984 1266 1102 1320 leges
1122 1266 1443 1320 comprobabis.
1502 1267 1631 1321 Quis-
1652 1282 1689 1315 15

171 1337 269 1389 quis
299 1337 416 1376 enim
448 1335 491 1376 in
521 1335 685 1389 regiam
718 1335 992 1377 maiestatem
1020 1335 1253 1388 deliquisse
1278 1336 1631 1389 deprehenditur,

169 1419 253 1446 vno
281 1405 413 1446 trium
443 1405 674 1446 modorum
704 1405 828 1446 iuxta
854 1404 1110 1458 qualitatem
1140 1405 1287 1446 delicti
1314 1405 1380 1445 sui
1408 1406 1498 1459 regi
1527 1419 1630 1445 con-

169 1474 442 1527 dempnatur,
466 1479 541 1514 aut
570 1474 683 1515 enim
712 1475 755 1515 in
780 1476 978 1515 vniuerso
1006 1473 1157 1514 mobili
1186 1487 1266 1515 suo
1292 1487 1388 1514 reus
1414 1474 1631 1515 iudicatur

169 1555 249 1594 pro
281 1542 518 1583 minoribus
549 1543 701 1597 culpis,
731 1549 808 1584 aut
839 1543 883 1583 in
914 1543 1118 1584 omnibus
1149 1542 1459 1594 immobilibus,
1487 1542 1630 1584 fundis

167 1609 330 1653 scilicet
376 1618 420 1653 et
463 1611 713 1663 redditibus,
755 1617 803 1653 ut
847 1612 908 1653 eis
953 1611 1256 1663 exheredetur,
1295 1611 1414 1664 quod
1460 1610 1510 1652 fit
1549 1625 1628 1664 pro
1649 1627 1690 1649 20

169 1679 404 1720 maioribus
430 1679 583 1734 culpis,
603 1687 680 1723 aut
709 1694 789 1734 pro
821 1680 1026 1721 maximis
1057 1681 1386 1734 quibuscunque
1406 1679 1474 1720 vel
1505 1693 1627 1720 enor-

168 1749 309 1790 mibus
342 1747 519 1800 delictis,
560 1749 603 1789 in
644 1749 779 1790 vitam
819 1763 943 1790 suam
974 1747 1044 1790 vel
1076 1749 1285 1791 membra.
1347 1748 1458 1790 Cum
1496 1748 1628 1801 igitur

168 1816 322 1870 aliquis
349 1818 404 1858 de
429 1816 662 1859 mobilibus
690 1818 733 1859 in
761 1817 1036 1871 beneplacito
1063 1817 1175 1871 regis
1206 1817 1430 1865 iudicatur,
1461 1815 1550 1857 lata
1582 1818 1626 1858 in

168 1899 267 1926 eum
307 1899 334 1926 a
372 1885 586 1926 iudicibus
624 1887 841 1927 sententia
885 1899 963 1940 per
1002 1885 1083 1927 hec
1122 1886 1268 1936 verba,
1311 1886 1427 1927 ‘Iste
1471 1891 1536 1926 est
1581 1886 1624 1926 in

168 1954 461 1995 misericordia
489 1955 602 2007 regis
628 1955 685 1996 de
714 1955 898 2008 pecunia
924 1953 1026 2006 sua,'
1050 1955 1167 1995 idem
1189 1960 1254 1995 est
1275 1967 1325 1994 ac
1346 1955 1382 1994 si
1403 1957 1412 1975 ‘
1429 1954 1485 1994 de
1504 1953 1623 1994 tota'
1645 1966 1684 1998 ²5

166 2024 409 2075 dixissent;
453 2022 664 2065 laicorum
697 2023 812 2064 enim
854 2022 1075 2064 indefinite
1110 2036 1198 2064 non
1231 2022 1313 2073 his,
1348 2036 1428 2076 pro
1468 2023 1624 2076 quibus

166 2092 302 2133 tutius
337 2099 402 2133 est
444 2105 517 2133 eas
552 2092 702 2145 accipi,
738 2091 821 2133 hoc
855 2099 921 2133 est
956 2091 1301 2145 particularibuS,
1335 2092 1412 2132 sed
1453 2105 1625 2146 semper

166 2160 481 2202 Vniuersalibus
513 2160 792 2214 equipollent.
851 2160 964 2202 Cum
997 2160 1126 2212 igitur
1155 2158 1276 2201 fundi
1307 2160 1421 2200 illius
1452 2161 1624 2212 catalla,

165 2243 296 2282 quem
325 2229 497 2270 debitor
523 2235 624 2283 post
652 2228 869 2280 distraxit,
893 2229 936 2269 in
958 2227 1236 2281 beneplacito
1265 2228 1472 2282 principis
1499 2230 1623 2270 adiu-

164 2299 310 2339 dicata
336 2298 516 2340 fuissent
544 2304 589 2340 et
616 2298 708 2352 ipse
735 2298 792 2339 de
819 2298 1025 2351 requisita
1052 2311 1223 2338 summa
1247 2311 1333 2339 non
1356 2297 1623 2349 satisfecerit,
1641 2308 1683 2339 30

165 2367 300 2408 videri
332 2373 479 2421 potest
508 2367 713 2409 iniustum
744 2373 791 2409 vt
821 2379 912 2407 rem
943 2379 1030 2407 non
1061 2379 1186 2407 suam
1217 2365 1260 2406 in
1291 2365 1382 2407 fisci
1409 2366 1620 2408 iacturam

163 2436 430 2478 alienauerit.

222 2504 336 2545 Item
358 2505 659 2546 admonendus
681 2510 747 2546 est
766 2505 1008 2546 vicecomes
1029 2509 1208 2558 propter
1229 2502 1330 2544 fidei
1353 2503 1618 2558 religionem,
1637 2513 1733 2550 xvii

164 2573 284 2625 quod
306 2574 362 2614 ab
384 2573 479 2627 ipso
499 2574 555 2615 de
579 2587 668 2614 non
695 2572 963 2614 soluentibus
991 2571 1194 2625 exigitur,
1215 2571 1349 2614 immo
1369 2585 1503 2626 quam
1524 2573 1618 2627 ipse

210 2727 230 2762 3
257 2717 333 2761 regi
351 2728 423 2763 quo
440 2723 604 2763 tempore
620 2717 668 2752 N
834 2727 857 2760 4
882 2716 1004 2762 suum]
1024 2716 1124 2752 illum
1145 2717 1176 2753 C
1343 2726 1362 2763 5
1387 2718 1568 2754 absurdus
1588 2720 1616 2755 C
1678 2717 1681 2721 ’

162 2773 185 2808 9
209 2764 362 2800 exedem
382 2765 417 2799 R
514 2774 556 2799 10
572 2762 796 2811 proprietate
814 2764 966 2798 domino
982 2765 1018 2800 R
1115 2773 1155 2807 17
1181 2775 1254 2799 vno
1271 2775 1339 2801 om.
1356 2767 1392 2800 R
1490 2776 1535 2801 20
1560 2766 1615 2812 fit]

165 2811 196 2846 si
213 2812 248 2846 R
341 2819 382 2847 21
410 2822 476 2857 pro
493 2822 562 2846 om.
578 2812 625 2847 N
710 2820 753 2846 22
779 2810 922 2846 dilectis
939 2812 974 2846 R
1057 2820 1099 2856 23
1119 2810 1171 2857 in]
1189 2818 1224 2847 et
1244 2813 1279 2847 R
1362 2821 1405 2856 27
1432 2813 1557 2859 accepi
1575 2815 1621 2848 N

163 2867 208 2902 29
231 2867 303 2903 que
323 2858 355 2893 C
