2022 3281
432 166 514 221 136
916 166 1001 207 DE
1033 163 1390 206 SCACCARIO
1708 161 1765 221 [11
1791 177 1822 204 x
1843 172 1875 204 F

430 280 637 323 Similiter
673 279 708 320 si
747 279 1036 332 cuiuscunque
1066 276 1328 318 conditionis
1370 276 1444 328 vir,
1475 276 1544 318 vel
1579 276 1872 330 cuiuscunque

430 350 594 392 domini
629 362 788 396 seruus,
821 353 897 388 aut
930 346 1049 395 liber,
1082 351 1200 386 metu
1236 345 1432 386 arctioris
1463 345 1596 387 assise
1627 360 1759 399 quam
1797 359 1874 387 rex

429 424 608 472 propter
645 416 877 459 sceleratos
917 414 1152 461 constituit,
1189 426 1215 453 a
1255 413 1359 454 sede
1398 427 1475 455 sua
1514 413 1682 467 fugerit,
1717 420 1761 455 et
1797 427 1876 467 per

428 486 689 529 constitutos
714 498 763 525 ac
791 483 887 536 lege
914 483 1118 523 diffinitos
1144 481 1349 522 terminos
1380 481 1459 522 iuri
1486 495 1534 522 se
1561 495 1647 523 non
1669 481 1874 535 optulerit

391 572 410 605 5
428 555 499 596 vel
528 552 813 600 excusauerit‚
834 551 900 592 vel
932 552 1064 592 etiam
1095 550 1143 599 si,
1164 549 1434 591 acclamante
1465 549 1508 589 in
1538 549 1679 602 ipsum
1705 550 1874 599 vicinia,

427 629 655 676 suspectus
695 626 738 661 et
769 620 1054 673 postmodum
1095 617 1433 672 comprehensus
1464 631 1541 670 per
1569 616 1711 670 legem
1743 619 1874 660 assise

428 690 708 732 constitutam
726 701 823 729 reus
839 687 1011 728 sceleris
1027 687 1252 728 conuictus
1268 685 1405 736 fuerit,
1423 685 1570 726 omnia
1589 686 1680 726 eius
1697 686 1875 727 mobilia

428 758 532 799 fisco
553 759 722 805 cedunt,
744 756 988 797 immobilia
1011 770 1114 797 vero
1142 755 1331 796 dominis
1352 754 1453 795 suis.
1516 754 1749 795 Mobilium
1774 768 1875 795 vero

427 827 567 881 pretia
586 840 663 880 per
691 839 867 866 manum
890 824 1158 866 vicecomitis
1186 824 1242 865 ad
1271 823 1533 864 scaccarium
1561 822 1810 864 deferuntur
1833 828 1877 863 et

372 912 410 936 10
430 897 472 936 in
495 894 639 936 annali
664 894 725 936 sic
753 900 1026 944 annotantur,
1050 893 1158 934 ‘Ille
1184 893 1426 934 vicecomes
1452 891 1595 933 reddit
1622 896 1876 944 compotum

430 965 485 1006 de
502 962 668 1005 catallis
689 963 972 1016 fugitiuorum
988 961 1056 1004 vel
1080 960 1378 1003 mutilatorum
1400 973 1477 1015 per
1494 959 1682 1009 assisam,
1706 960 1760 1001 de
1781 959 1877 1001 loco

383 1033 506 1079 Gillo
539 1032 594 1074 N.
629 1032 793 1073 scilicet
826 1032 882 1073 de
917 1031 999 1072 hoc
1036 1045 1076 1072 v.
1110 1031 1164 1072 de
1195 1030 1270 1071 illo
1301 1029 1356 1070 x.'
1389 1035 1432 1070 et
1466 1029 1528 1070 sic
1564 1029 1766 1082 deinceps
1801 1040 1878 1082 per

429 1101 602 1156 singula
632 1101 784 1154 capita,
809 1100 1024 1154 expressis
1057 1113 1205 1141 eorum
1234 1099 1483 1140 nominibus
1513 1104 1557 1139 et
1587 1098 1770 1138 summis
1794 1111 1878 1151 que

430 1171 486 1212 de
502 1169 668 1212 catallis
684 1169 955 1223 singulorum
973 1175 1206 1222 exurgunt.
1267 1169 1364 1209 Fiet
1381 1173 1527 1209 autem
1546 1167 1588 1208 in
1607 1167 1693 1208 fine
1709 1180 1879 1208 summa

372 1253 410 1286 15
430 1239 639 1290 omnium,
665 1245 709 1280 et
739 1238 852 1280 circa
882 1237 1011 1278 finem
1037 1238 1229 1279 eiusdem
1259 1237 1382 1288 linee,
1411 1237 1454 1278 in
1484 1250 1571 1290 qua
1602 1249 1772 1277 summa
1802 1241 1879 1286 est,

430 1308 640 1349 scribetur
664 1310 673 1327 ‘
693 1307 743 1347 In
765 1306 970 1348 thesauro
998 1306 1059 1347 xl.
1081 1306 1188 1347 libre
1209 1306 1251 1346 in
1272 1311 1337 1346 tot
1357 1305 1426 1346 vel
1447 1311 1513 1346 tot
1534 1304 1660 1346 taleis
1683 1310 1727 1346 et
1748 1304 1878 1345 debet

430 1391 475 1417 x.
507 1374 659 1416 libras‘
691 1375 758 1416 vel
788 1375 871 1416 ‘Et
903 1375 1072 1427 quietus
1103 1373 1192 1415 est.’
1256 1374 1352 1414 Hec
1385 1379 1496 1421 sunt,
1525 1372 1668 1423 frater,
1694 1386 1878 1425 quorum

430 1458 560 1497 supra
577 1444 866 1493 meminimus,
883 1457 967 1496 que
984 1443 1039 1483 ad
1057 1443 1321 1484 scaccarium
1338 1456 1364 1482 a
1378 1442 1634 1483 vicecomite
1648 1441 1878 1482 deferenda

429 1520 472 1554 et
503 1512 711 1553 soluenda
742 1519 852 1559 sunt,
885 1512 1016 1553 etiam
1052 1512 1088 1552 si
1128 1509 1409 1552 summonitio
1450 1509 1568 1551 nulla
1609 1509 1876 1564 precesserit.

373 1593 413 1616 20
432 1581 501 1622 Sic
533 1587 576 1622 et
606 1581 843 1631 thesaurus,
869 1580 1025 1621 effossa
1054 1579 1208 1622 tellure
1238 1579 1307 1621 vel
1331 1579 1456 1621 aliter
1486 1578 1700 1619 inuentus.
1764 1578 1876 1619 Item

430 1663 527 1690 cum
558 1649 655 1703 quis
684 1649 842 1690 laicum
878 1648 1060 1690 fundum
1091 1649 1256 1689 habens
1284 1647 1352 1689 vel
1385 1647 1490 1688 ciuis
1526 1647 1658 1688 etiam
1696 1645 1878 1700 publicis

429 1719 607 1759 inseruit
642 1718 790 1765 vsuris,
827 1718 860 1758 si
896 1717 965 1758 hic
998 1718 1228 1759 intestatus
1261 1716 1506 1764 decesserit,
1535 1714 1603 1756 vel
1634 1714 1766 1756 etiam
1796 1713 1879 1755 hiis

429 1801 538 1840 quos
571 1786 845 1828 defraudauit
886 1800 971 1826 non
1010 1785 1275 1827 satisfaciens
1315 1789 1628 1826 testamentum
1660 1783 1716 1825 de
1745 1797 1880 1837 praue

429 1855 654 1910 adquisitis
693 1855 810 1897 visus
850 1860 916 1896 est
956 1854 1212 1901 condidisse,
1243 1859 1310 1894 set
1351 1853 1504 1894 eadem
1541 1865 1629 1893 non
1660 1852 1880 1893 distribuit

372 1933 410 1965 25
430 1926 566 1966 immo
596 1938 728 1979 penes
761 1936 806 1964 se
836 1924 1082 1973 reseruauit,
1115 1923 1218 1976 quia
1249 1922 1310 1962 sic
1344 1921 1590 1975 perquisitis
1627 1921 1880 1962 incumbens

428 1995 622 2037 animum
658 1992 909 2047 possidendi
939 1991 1181 2032 deseruisse
1214 2004 1301 2032 non
1338 1990 1538 2040 creditur,
1571 1989 1754 2043 pecunia
1789 1989 1881 2030 eius

429 2069 473 2104 et
503 2063 651 2104 omnia
678 2060 857 2102 mobilia
893 2074 999 2101 mox
1032 2059 1285 2101 infiscantur
1319 2066 1362 2101 et
1393 2072 1479 2099 non
1510 2058 1775 2099 summonita
1804 2071 1881 2112 per

429 2131 635 2173 officiales
679 2131 735 2172 ad
776 2129 1040 2171 scaccarium
1083 2129 1345 2170 deferuntur.
1418 2127 1558 2168 Heres
1601 2134 1750 2168 autem
1793 2127 1879 2167 iam

429 2200 620 2242 defuncti
647 2198 783 2241 fundo
802 2205 984 2252 paterno
1013 2204 1056 2239 et
1082 2198 1171 2240 eius
1193 2195 1490 2238 immobilibus
1514 2196 1598 2237 sibi
1623 2196 1700 2237 vix
1721 2194 1880 2236 relictis

370 2282 412 2313 30
430 2269 631 2321 gaudeat.

485 2336 742 2388 Dz'scipulzcs.
818 2334 893 2375 Ex
929 2334 1150 2388 premissis
1191 2347 1276 2387 que
1315 2333 1371 2374 de
1410 2332 1721 2373 feneratoribus
1763 2332 1880 2374 dicta

429 2411 528 2446 sunt
555 2405 726 2458 questio
757 2405 902 2457 grauis
925 2403 1118 2444 animum
1147 2402 1290 2456 pulsat
1317 2414 1448 2454 quam
1476 2399 1644 2450 vellem,
1666 2400 1702 2440 si
1728 2400 1880 2454 placet,

431 2473 599 2526 plenius
621 2473 832 2526 expediri.
893 2471 1056 2512 Dixisti
1082 2471 1198 2512 enim
1229 2472 1238 2488 ‘
1258 2483 1356 2510 cum
1388 2470 1485 2522 quis
1509 2469 1668 2510 laicum
1695 2470 1878 2511 fundum

429 2541 594 2582 habens
623 2541 693 2582 vel
724 2541 856 2581 etiam
888 2541 994 2581 ciuis
1024 2538 1209 2593 publicis
1239 2537 1418 2579 inseruit
1449 2538 1588 2579 vsuris
1607 2535 1616 2552 '
1647 2543 1692 2579 et
1723 2544 1880 2581 cetera.

480 2650 495 2674 1
523 2641 746 2677 conditionis
764 2669 772 2678 .
793 2669 802 2678 .
820 2669 827 2677 .
847 2642 1096 2686 cuiuscunque
1121 2652 1187 2675 om.
1213 2640 1249 2674 R
1364 2648 1389 2681 4
1413 2638 1589 2674 terminos
1615 2650 1684 2674 om.
1702 2640 1738 2674 R
1858 2649 1880 2683 9

430 2687 656 2732 deferuntur]
676 2690 879 2724 referuntur
897 2689 928 2724 C
1023 2697 1064 2724 12
1090 2687 1151 2722 illo
1168 2698 1236 2722 om.
1253 2687 1288 2720 R
1381 2698 1415 2720 v.
1434 2697 1501 2720 om.
1523 2686 1554 2721 C
1641 2689 1730 2731 post
1746 2698 1778 2721 V.
1796 2686 1881 2721 add,

431 2741 466 2768 et
487 2734 518 2768 C
612 2736 652 2769 16
677 2736 734 2770 vel
751 2743 804 2771 tot
822 2747 889 2770 om.
912 2736 943 2770 C
1026 2743 1066 2777 17
1091 2736 1150 2768 vel
1167 2745 1235 2768 om.
1252 2733 1300 2766 N
1382 2732 1508 2778 frater]
1527 2744 1635 2778 super
1651 2735 1686 2767 R
1776 2742 1818 2779 19
1843 2740 1878 2767 et

431 2780 607 2815 soluenda
625 2792 694 2816 om.
711 2783 746 2816 R
842 2792 882 2816 21
911 2781 1002 2817 ciuis
1019 2781 1186 2817 Madox:
1214 2779 1296 2825 quis
1316 2779 1421 2814 CNR
1514 2778 1642 2826 etiam]
1660 2786 1696 2816 et
1714 2780 1745 2815 C
1835 2789 1879 2814 22

430 2825 518 2872 hiis]
539 2827 568 2862 is
586 2828 621 2862 R
714 2838 758 2873 32
783 2828 929 2874 grauius
951 2829 982 2864 C
1082 2838 1127 2875 34
1153 2825 1260 2873 ciuis]
1279 2825 1359 2872 quis
1378 2826 1410 2864 C
