2022 3281
374 156 428 201 72
859 145 947 187 DE
979 140 1342 186 SCACCARIO
1687 138 1726 197 [1
1742 153 1773 181 v
1795 149 1823 180 F

372 260 739 315 accipitrariorum
760 258 850 299 siue
872 256 1203 299 falconariorum
1226 254 1317 295 siue
1337 253 1631 295 bernariorum
1653 255 1707 296 ad
1731 254 1823 295 eius

373 331 561 372 officium
583 333 764 382 spectat,
787 327 822 368 si
843 339 1017 380 presens
1038 323 1178 373 fuerit,
1200 323 1283 362 nisi
1310 322 1419 363 forte
1440 323 1638 364 dominus
1660 336 1739 363 rex
1766 323 1821 364 ad

373 400 490 440 idern
512 398 700 450 aliquem
729 395 846 450 prius
873 391 1158 446 assignauerit
1183 391 1285 445 quia
1310 392 1655 433 constabularius
1676 406 1702 433 a
1723 404 1825 444 rege

374 481 461 508 non
482 466 604 507 facile
635 470 778 520 potest
808 462 935 504 auelli
966 465 1145 513 propter
1175 460 1342 500 maiora
1372 466 1418 500 et
1448 461 1584 514 magis
1614 461 1824 514 vrgentia.

340 553 357 584 5
377 533 655 593 [Notandum
695 545 799 572 vero
838 530 957 584 quod
1008 526 1284 569 marescallus
1334 529 1534 569 scaccarii
1574 530 1630 570 de
1667 529 1824 570 libera-

375 603 562 645 tionibus
585 600 860 643 residentium
883 597 1070 638 militum
1091 596 1273 649 percipit
1297 596 1415 648 quod
1437 596 1493 637 ad
1515 610 1613 637 eum
1634 597 1826 651 pertinet

375 672 541 713 ratione
571 669 701 710 officii
733 669 809 717 sui,
841 668 896 708 de
936 665 1282 708 commeantibus
1323 670 1469 705 autem
1510 662 1633 721 non.]
1711 665 1824 706 Item

375 740 476 781 huic
506 751 604 780 cum
635 737 728 778 aliis
757 736 926 789 magnis
952 747 1183 776 commune
1214 740 1280 775 est
1306 739 1354 775 vt
1382 732 1511 773 nichil
1538 746 1744 787 magnum
1773 746 1826 774 eo

375 806 621 849 inconsulto
642 805 734 846 fieri
755 806 927 846 debeat.

318 890 358 912 10
421 875 769 918 Camerariorum
779 873 968 914 officium
982 884 1205 913 annexum
1219 875 1285 912 est
1299 870 1440 912 officio
1453 869 1717 921 thesaurarii,
1727 870 1830 923 quia

376 959 462 986 vno
480 951 523 984 et
537 944 692 985 eodem
705 948 909 996 pretextu
923 941 1099 982 honoris
1120 939 1187 982 vel
1201 939 1416 992 dispendii
1433 938 1619 980 militare
1641 952 1829 980 noscun-

375 1021 461 1063 tur,
476 1019 520 1054 et
534 1019 599 1054 est
616 1012 677 1053 eis
698 1012 813 1053 idem
835 1010 946 1051 velle
963 1015 1005 1051 et
1021 1010 1135 1050 idem
1154 1008 1268 1051 nolle
1289 1009 1345 1049 ad
1362 1008 1571 1049 honorem
1591 1008 1829 1062 regisadeo

375 1090 423 1125 vt
437 1082 555 1136 quod
573 1081 629 1122 ab
648 1094 734 1121 vno
750 1081 910 1122 factum
928 1079 1055 1120 fuerit
1070 1092 1095 1119 a
1117 1077 1236 1119 nullo
1254 1091 1403 1119 eorum
1425 1077 1595 1118 dicatur
1609 1070 1844 1118 infectum.⁸

377 1149 692 1193 Thesaurarius
729 1149 846 1190 enim
881 1162 960 1201 pro
1001 1162 1046 1188 se
1081 1154 1125 1188 et
1161 1160 1239 1200 pro
1276 1146 1337 1187 eis
1377 1146 1555 1199 suscipit
1597 1153 1830 1199 compotos

321 1234 360 1266 15
379 1225 423 1261 et
444 1219 681 1262 secundum
705 1216 939 1269 qualitates
968 1223 1223 1257 exactorum
1246 1215 1381 1256 verba
1409 1214 1627 1256 ministrat
1649 1216 1692 1255 in
1727 1216 1831 1256 scri-

330 1297 361 1329 G
380 1295 555 1343 pturam
587 1286 714 1327 rotuli
737 1286 779 1325 in
811 1286 970 1338 quibus
1001 1285 1206 1325 omnibus
1237 1284 1330 1336 pari
1352 1284 1441 1323 iure
1471 1283 1690 1324 societatis
1720 1284 1833 1324 obli-

380 1364 551 1411 gantur,
573 1362 616 1397 et
638 1354 699 1395 sic
721 1356 775 1395 de
797 1353 891 1395 aliis
917 1367 1002 1406 que
1030 1352 1099 1393 vel
1127 1352 1182 1393 ab
1210 1352 1294 1393 hoc
1320 1351 1388 1392 vel
1412 1352 1468 1392 ab
1491 1351 1574 1392 hiis
1599 1352 1720 1393 salua
1746 1351 1833 1392 fide

380 1425 543 1468 domini
575 1423 687 1477 regis
717 1422 828 1463 fiunt
863 1423 951 1463 siue
982 1422 1023 1462 in
1057 1421 1226 1475 scriptis
1258 1421 1350 1462 siue
1386 1421 1429 1461 in
1454 1421 1639 1475 receptis
1665 1421 1759 1462 siue
1790 1421 1832 1461 in

380 1494 505 1536 taleis
526 1493 617 1534 siue
639 1493 681 1531 in
705 1491 923 1544 expensis·

324 1577 364 1599 20
439 1560 685 1603 Marescalli
727 1574 830 1601 cura
865 1565 931 1600 est
971 1558 1108 1599 taleas
1148 1557 1408 1609 debitorum,
1442 1571 1551 1611 quas
1591 1557 1833 1599 vicecomes

382 1630 629 1680 reddiderit,
650 1642 734 1682 que
754 1635 900 1669 tamen
923 1632 1184 1668 annotantur
1206 1626 1248 1666 in
1273 1626 1426 1674 rotulo,
1449 1627 1621 1667 mittere
1641 1640 1835 1667 seorsum

381 1700 423 1740 in
444 1698 585 1740 forulo
616 1712 708 1747 suo,
729 1697 876 1738 breuia
897 1709 1071 1749 quoque
1099 1695 1215 1748 regia
1237 1695 1292 1735 de
1319 1695 1622 1747 computandis
1642 1695 1709 1735 vel
1740 1709 1834 1748 per-

382 1767 598 1809 donandis
632 1767 700 1807 vel
734 1766 887 1807 dandis
915 1766 994 1806 hiis
1035 1778 1120 1818 que
1152 1765 1385 1818 exiguntur
1422 1777 1447 1803 a
1482 1763 1732 1805 vicecomite
1760 1778 1837 1818 per

384 1836 777 1877 summonitionem.
839 1834 909 1875 Illi
948 1848 1050 1875 vero
1086 1832 1227 1875 forulo
1259 1832 1564 1885 superscriptio
1604 1833 1837 1874 comitatus

325 1920 364 1952 25
385 1906 504 1948 cuius
534 1904 613 1945 hec
644 1911 744 1945 sunt
775 1903 1010 1958 apponitur
1041 1908 1084 1943 et
1116 1901 1295 1955 singulis
1332 1901 1611 1943 comitatibus
1643 1901 1837 1955 singulos

383 1979 558 2028 oportet
607 1973 770 2014 forulos
824 1986 850 2013 a
889 1971 1145 2013 vicecomite
1185 1970 1259 2023 qui
1309 1975 1536 2023 computat
1584 1969 1839 2011 marescallo

385 2042 630 2084 ministrari.

441 2111 702 2163 Discipulus.
764 2110 847 2150 Est
867 2109 938 2149 hic
958 2108 1122 2162 aliquid
1145 2107 1264 2160 quod
1288 2120 1356 2148 me
1382 2113 1540 2148 mouet.

442 2180 676 2232 Magister.
737 2178 858 2220 Satis
897 2177 1104 2232 presensi.
1180 2175 1355 2217 Sustine
1403 2182 1551 2216 tamen
1604 2176 1839 2227 modicum,

327 2263 369 2295 30
387 2249 518 2303 plana
549 2249 661 2289 enim
693 2254 819 2289 erunt
850 2247 994 2288 omnia
1024 2261 1081 2287 ex
1114 2245 1490 2298 consequentibus.
1553 2244 1666 2285 Item
1688 2245 1722 2285 si
1743 2245 1839 2298 quis

387 2317 558 2358 debitor
587 2330 674 2357 non
714 2315 976 2357 satisfaciens
1007 2315 1064 2355 de
1107 2313 1445 2355 summonitione
1487 2312 1691 2353 meruerit
1721 2326 1839 2353 com-

388 2385 612 2438 prehendi,
633 2384 732 2425 huic
756 2384 942 2425 traditur
966 2382 1226 2431 seruandus;
1258 2388 1302 2421 et
1324 2380 1468 2422 soluto
1489 2380 1703 2421 scaccario
1728 2379 1840 2422 illius

389 2454 473 2493 diei
506 2454 541 2494 si
573 2452 757 2494 voluerit
794 2452 942 2493 mittet
974 2464 1073 2491 eum
1109 2451 1151 2490 in
1183 2462 1397 2491 carcerem
1431 2449 1629 2490 custodie
1660 2448 1841 2501 publice,

390 2534 477 2561 non
499 2527 645 2562 tamen
665 2521 958 2563 vinculabitur
981 2519 1051 2560 vel
1073 2519 1116 2559 in
1139 2519 1226 2559 ima
1249 2519 1447 2559 trudetur
1467 2524 1532 2558 set
1558 2531 1750 2558 seorsum
1771 2518 1841 2558 vel

330 2605 371 2637 35
392 2602 522 2642 supra
547 2603 762 2631 carcerem
781 2603 792 2640 3
822 2589 923 2630 licet
951 2588 1067 2629 enirn
1089 2587 1299 2628 soluendo
1324 2599 1412 2627 non
1432 2585 1488 2626 sit
1509 2592 1658 2627 tamen
1680 2586 1736 2626 ob
1757 2585 1841 2626 hoc

443 2709 472 2742 Ι,
489 2709 509 2734 2
535 2700 694 2735 officium
711 2701 789 2736 eius
807 2702 855 2735 N
929 2710 969 2736 12
997 2706 1033 2735 et
1052 2699 1148 2735 idern
1167 2699 1262 2733 nolle
1279 2709 1347 2732 om.
1365 2698 1401 2731 R
1472 2706 1512 2732 21
1542 2709 1612 2742 que
1630 2704 1754 2732 tamen
1772 2708 1841 2732 om.

393 2748 428 2782 R
441 2750 511 2791 per
533 2758 707 2781 rasuram
780 2758 823 2792 23
850 2747 1039 2792 exigentur
1054 2747 1090 2781 R
1161 2756 1204 2791 32
1231 2744 1283 2790 et]
1308 2744 1419 2780 etiam
1437 2744 1482 2778 N
1549 2754 1592 2789 33
1619 2744 1786 2780 mittetur
1802 2744 1850 2779 N

393 2804 438 2838 34
466 2793 501 2828 in
519 2793 594 2829 ima
610 2794 656 2829 N
668 2805 780 2830 corn:
808 2806 912 2830 arma
927 2795 973 2828 N
