2912 4368
945 920 1024 960 108
1430 921 1515 962 DE
1549 921 1908 969 SCACCARIO
2202 924 2237 985 [Ι
2259 928 2333 970 xvi
2356 938 2388 969 A

941 1035 1128 1076 cundum
1170 1035 1430 1089 tripartitam
1473 1049 1619 1076 earum
1664 1036 2001 1087 distinctionem,
2042 1040 2124 1081 hoc
2166 1047 2231 1082 est
2274 1041 2389 1082 Mer-

942 1104 1189 1157 chenelage,
1212 1105 1452 1157 Danelage,
1475 1104 1871 1159 Wcstsexenelage,
1894 1110 2103 1159 quasdam
2128 1110 2391 1163 reprobauit,

943 1174 1156 1225 quasdam
1180 1180 1325 1214 autem
1348 1174 1595 1226 approbans
1614 1173 1696 1213 illis
1718 1177 2025 1218 transmarinas
2048 1179 2252 1219 Neustrie
2273 1178 2391 1232 leges

942 1255 1027 1293 que
1067 1242 1122 1282 ad
1166 1243 1282 1295 regni
1330 1255 1483 1295 pacem
1526 1243 1732 1282 tuendam
1778 1243 2072 1286 efficacissime
2119 1247 2394 1298 videbantur,

906 1333 922 1363 5
943 1310 1110 1351 adiecit.
1154 1312 1343 1350 Demum
1368 1324 1420 1350 ne
1441 1310 1544 1362 quid
1568 1312 1716 1351 deesse
1733 1312 1961 1363 videretur,
1985 1316 2040 1354 ad
2062 1329 2235 1356 omnem
2259 1316 2393 1356 totius

946 1379 1217 1430 prouidentie
1245 1392 1471 1428 summam,
1498 1380 1817 1421 communicato
1844 1382 2034 1431 consilio,
2061 1383 2394 1424 discretissimos

946 1461 971 1486 a
1001 1447 1133 1487 latere
1163 1461 1241 1487 suo
1273 1447 1509 1487 destinauit
1535 1448 1646 1488 viros
1678 1463 1754 1501 per
1779 1463 1960 1503 regnum
1993 1451 2035 1490 in
2065 1452 2255 1492 circuitu.
2316 1452 2394 1492 Ab

944 1515 1024 1555 hiis
1060 1515 1208 1568 itaque
1242 1515 1376 1556 totius
1416 1522 1526 1556 terre
1564 1517 1797 1571 descriptio
1834 1519 2016 1572 diligens
2054 1520 2167 1561 facta
2204 1527 2267 1561 est
2303 1527 2394 1561 tam

948 1585 989 1623 in
1013 1584 1261 1624 nemoribus
1284 1598 1414 1636 quam
1433 1587 1604 1638 pascuis
1623 1594 1666 1627 et
1682 1588 1826 1639 pratis,
1844 1602 1920 1628 nec
1943 1602 2027 1628 non
2043 1595 2086 1629 et
2108 1590 2393 1641 agriculturis,

892 1673 925 1696 ω
946 1659 988 1692 et
1018 1653 1159 1693 verbis
1191 1654 1493 1695 communibus
1525 1662 1733 1697 annotata
1767 1657 1808 1697 in
1844 1657 1999 1697 librum
2033 1658 2207 1699 redacta
2239 1665 2314 1707 est,
2350 1664 2396 1698 vt

947 1721 1145 1763 videlicet
1178 1722 1360 1774 quilibet
1393 1723 1482 1763 iure
1513 1738 1590 1764 suo
1624 1731 1852 1766 contentus
1884 1726 2071 1767 alienum
2103 1740 2189 1767 non
2221 1733 2398 1780 vsurpet

947 1791 1134 1843 impune.
1183 1791 1254 1832 Fit
1272 1799 1419 1832 autem
1437 1793 1669 1847 descriptio
1688 1809 1764 1846 per
1780 1795 2024 1843 comitatus,
2042 1810 2117 1849 per
2135 1796 2398 1836 centuriatas

947 1865 990 1899 et
1022 1859 1159 1906 hidas,
1183 1868 1413 1912 prenotato
1444 1862 1485 1901 in
1520 1862 1615 1915 ipso
1647 1864 1789 1915 capite
1812 1864 1922 1917 regis
1954 1865 2139 1915 nomine,
2161 1878 2210 1905 ac
2242 1864 2400 1904 deinde

947 1928 1137 1968 seriatim
1170 1929 1352 1969 aliorum
1385 1944 1612 1982 procerum
1646 1932 1891 1973 nominibus
1922 1933 2132 1986 appositis
2161 1933 2399 1973 secundum

895 2017 926 2048 15
953 2002 1093 2037 status
1115 1998 1178 2037 sui
1201 1998 1472 2051 dignitatem,
1490 2000 1561 2052 qui
1587 2001 1789 2042 videlicet
1812 2002 1866 2042 de
1884 2016 1985 2056 rege
2008 2008 2157 2043 tenent
2182 2003 2222 2041 in
2246 2001 2399 2054 capite.

950 2066 1247 2119 Apponuntur
1275 2075 1419 2107 autem
1447 2068 1628 2121 singulis
1656 2071 1821 2110 numeri
1852 2071 2091 2111 secundum
2120 2071 2314 2111 ordinem
2340 2070 2400 2110 sic

952 2135 1183 2187 dispositis,
1206 2149 1281 2188 per
1311 2149 1419 2188 quos
1452 2137 1627 2177 inferius
1660 2138 1703 2177 in
1735 2138 1826 2191 ipsa
1858 2139 1952 2179 libri
1984 2140 2091 2179 serie
2123 2153 2207 2191 que
2239 2139 2295 2179 ad
2327 2152 2401 2178 eos

905 2217 932 2247 B
952 2204 1171 2257 pertinent
1222 2205 1386 2246 facilius
1436 2213 1680 2248 occurrunt.
1763 2207 1851 2247 Hic
1911 2207 2018 2247 liber
2070 2208 2126 2248 ab
2187 2207 2401 2259 indigenis

955 2276 963 2291 ‘
980 2273 1219 2313 Domesdei
1239 2271 1248 2288 '
1264 2281 1536 2326 nuncupatur
1559 2276 1601 2315 id
1628 2282 1691 2316 est
1715 2277 1807 2317 dies
1825 2276 1969 2317 iudicii
1993 2290 2068 2329 per
2086 2277 2401 2329 metaphoram.

895 2359 933 2381 20
954 2341 1078 2382 Sicut
1110 2341 1224 2382 enim
1256 2343 1438 2384 districti
1476 2351 1518 2384 et
1556 2345 1757 2386 terribilis
1793 2346 2001 2385 examinis
2035 2345 2148 2385 illius
2181 2344 2402 2385 nouissimi

952 2411 1167 2450 sententia
1204 2411 1321 2451 nulla
1361 2413 1729 2465 tergiuersationis
1771 2420 1863 2455 arte
1897 2413 2011 2455 valet
2046 2414 2175 2463 eludi,
2211 2414 2269 2454 sic
2306 2427 2403 2453 cum

953 2486 1048 2519 orta
1071 2478 1198 2519 fuerit
1225 2479 1266 2519 in
1290 2493 1423 2532 regno
1455 2483 1679 2522 contentio
1709 2484 1762 2523 de
1788 2483 1867 2523 hiis
1898 2484 2026 2523 rebus
2052 2496 2136 2535 que
2164 2482 2247 2523 illic
2270 2495 2404 2522 anno-

953 2553 1115 2598 tantur,
1131 2561 1228 2588 cum
1248 2556 1424 2589 ventum
1445 2548 1570 2590 fuerit
1588 2551 1643 2590 ad
1665 2550 1838 2600 librum,
1856 2552 2071 2591 sententia
2094 2550 2183 2590 eius
2203 2549 2406 2590 infatuari

955 2630 1042 2656 non
1080 2623 1225 2669 potest
1261 2617 1328 2657 vel
1366 2618 1543 2670 impune
1585 2619 1803 2660 declinari.
1878 2619 1950 2661 Ob
1985 2619 2067 2659 hoc
2105 2633 2184 2660 nos
2218 2619 2405 2659 eundem

899 2702 934 2733 ²5
955 2685 1112 2725 librum
1155 2686 1474 2727 ‘iudiciarium’
1519 2688 1850 2738 nominauimus,
1891 2702 1976 2729 non
2018 2688 2136 2740 quod
2174 2688 2216 2727 in
2260 2701 2311 2728 eo
2351 2687 2408 2727 de

956 2755 1193 2808 propositis
1215 2755 1434 2808 aliquibus
1455 2757 1598 2797 dubiis
1614 2757 1773 2798 feratur
1798 2758 2027 2806 sententia,
2043 2764 2108 2798 set
2130 2757 2248 2810 quod
2266 2756 2321 2797 ab
2343 2769 2406 2805 eo,

956 2824 1067 2864 sicut
1088 2839 1113 2865 a
1135 2826 1331 2877 predicto
1354 2826 1522 2876 iudicio,
1546 2840 1631 2866 non
1655 2827 1753 2868 licet
1776 2827 1863 2867 ulla
1886 2826 2050 2867 ratione
2073 2827 2305 2867 discedere.

1012 2892 1270 2946 Disczpulns.
1333 2894 1450 2947 Quid
1475 2895 1720 2945 comitatus
1743 2895 1846 2948 quid
1870 2896 2109 2937 centuriata
2130 2894 2199 2934 vel
2226 2894 2330 2946 quid
2353 2893 2409 2933 sit

958 2962 1062 3003 hida
1098 2963 1131 3002 si
1170 2963 1313 3015 placet
1350 2964 1549 3004 edissere.
1610 2964 1823 3017 Alioquin
1864 2964 1995 3017 plana
2036 2977 2121 3004 non
2163 2969 2287 3003 erunt
2324 2976 2410 3015 que

899 3061 939 3092 30
956 3032 1162 3084 premissa
1184 3039 1296 3073 sunt.

850 3113 942 3150 xvii
1017 3100 1249 3153 Magister.
1312 3101 1517 3143 Ruricole
1555 3102 1709 3142 melius
1748 3103 1831 3143 hoc
1863 3107 2032 3142 norunt.
2092 3100 2267 3148 Verum,
2299 3100 2410 3139 sicut

961 3170 1016 3209 ab
1043 3170 1144 3222 ipsis
1176 3170 1435 3223 accepimuS‚
1457 3171 1561 3211 hida
1582 3185 1607 3211 a
1628 3171 1849 3224 primitiua
1873 3169 2143 3210 institutione
2166 3182 2222 3208 ex
2246 3182 2279 3208 c.
2304 3168 2412 3208 acris

961 3244 1143 3279 constat.
1208 3239 1474 3280 Hundredus
1504 3253 1606 3280 vero
1639 3253 1695 3279 ex
1727 3240 1927 3279 hidarum
1960 3237 2125 3290 aliquot
2156 3237 2411 3278 centenariis

961 3311 1027 3345 set
1058 3319 1144 3346 non
1177 3307 1486 3348 determinatis.
1551 3308 1741 3361 Quidam
1773 3308 1887 3348 enim
1914 3320 1969 3347 ex
2002 3305 2207 3358 pluribus,
2233 3306 2411 3358 quidam

1010 3415 1028 3438 τ’.
1049 3406 1240 3451 Danelage
1258 3419 1326 3442 om.
1345 3409 1378 3442 R
1475 3419 1494 3453 3
1521 3409 1601 3443 illas
1624 3410 1653 3443 C
1760 3416 1777 3452 5
1798 3406 1940 3450 deesse]
1961 3407 2090 3442 decem
2108 3408 2142 3441 R
2213 3406 2357 3440 videtur
2374 3406 2420 3439 N

963 3453 984 3487 6
1002 3453 1190 3497 prouincie
1212 3455 1242 3488 C
1425 3465 1446 3499 9
1472 3463 1506 3490 et
1525 3460 1609 3489 ante
1626 3466 1693 3490 nec
1713 3466 1785 3488 non
1803 3455 1886 3488 add.
1907 3455 1982 3487 NR
2166 3464 2206 3495 14
2233 3453 2365 3488 seriato
2383 3452 2416 3504 C

967 3508 1006 3541 17
1028 3498 1123 3542 libri]
1145 3501 1299 3534 membri
1322 3502 1352 3535 C
1459 3504 1499 3537 18
1519 3510 1711 3537 occurrant
1730 3503 1765 3535 R
1871 3510 1912 3545 19
1932 3500 2137 3535 Domesdai
2160 3502 2189 3535 C
2291 3510 2330 3534 21
2360 3510 2413 3533 sic

963 3558 1031 3580 om.
1050 3546 1084 3579 R
1185 3556 1226 3579 22
1254 3559 1323 3591 que
1342 3561 1408 3582 om.
1427 3550 1461 3582 R
1566 3558 1607 3594 25
1636 3560 1709 3583 non
1727 3560 1795 3583 om.
1813 3549 1848 3583 R
1948 3549 1991 3582 28
2019 3548 2064 3582 sit
2081 3559 2151 3582 om.
2175 3548 2204 3582 C
2301 3556 2345 3590 34
2371 3557 2414 3580 ex

965 3604 1032 3627 om.
1056 3594 1085 3628 C
1178 3594 1343 3638 quidam]
1363 3596 1520 3640 quedam
1539 3597 1582 3629 N
