2022 3281
445 149 497 203 78
928 146 1016 189 DE
1048 143 1407 189 SCACCARIO
1755 142 1795 203 [1
1814 159 1842 187 v
1864 154 1890 186 P

445 263 496 304 In
531 263 720 304 secunda
754 275 856 303 vero
891 262 947 302 de
983 258 1223 312 insignibus
1257 257 1441 311 predicti
1480 257 1593 312 regis
1632 257 1766 313 gestis
1807 271 1892 311 que

442 332 575 373 fidem
617 332 856 372 humanam
897 329 1129 370 excedunt.
1197 326 1249 366 In
1289 327 1419 366 tertia
1457 340 1560 367 vero
1600 327 1655 368 de
1697 326 1891 380 pluribus

443 401 634 454 negociis
669 405 760 440 tam
798 397 985 452 publicis
1015 408 1148 449 quam
1180 393 1474 443 familiaribus,
1505 408 1671 436 necnon
1703 402 1746 437 et
1776 395 1893 436 curie

442 469 606 511 iudiciis
636 468 789 521 agitur.
853 466 940 507 Hic
967 465 1003 506 si
1031 464 1141 504 forte
1169 462 1213 502 in
1242 476 1394 503 manus
1424 468 1522 504 tuas
1551 463 1759 511 inciderit,
1788 477 1893 504 caue

405 557 423 589 5
444 551 499 578 ne
522 543 567 578 te
595 535 788 589 effugiat.
846 533 978 575 Vtilis
1007 532 1124 573 enim
1152 545 1246 572 esse
1273 531 1434 584 poterit
1461 531 1614 572 futuris
1642 531 1753 573 forte
1779 538 1891 572 tem-

443 606 630 660 poribus,
660 610 703 645 et
733 603 944 644 iocundus
975 601 1070 651 hiis,
1097 600 1169 654 qui
1201 600 1255 640 de
1285 599 1405 652 regni
1435 605 1553 640 statu
1583 601 1666 642 sub
1696 600 1893 654 predicto

443 674 636 727 principe
685 671 857 712 solliciti
907 669 1078 711 fuerint.
1162 669 1249 709 Hic
1289 669 1406 710 enim
1451 682 1529 709 rex
1568 667 1669 709 licet
1709 668 1895 710 ‘attauis

444 742 617 794 regibus
647 737 813 780 editus’
842 738 969 780 fuerit
999 744 1043 779 et
1072 751 1149 791 per
1179 737 1310 790 longa
1341 744 1551 778 terrarum
1577 737 1719 790 spatia
1744 737 1894 777 trium-

395 809 561 865 Qphali
601 808 780 848 victoria
824 820 951 847 suum
996 806 1242 847 dilatauerit
1288 806 1528 858 imperium,
1570 805 1707 845 maius
1747 812 1897 846 tamen

387 900 425 921 10
444 884 509 919 est
544 877 662 931 quod
703 876 936 930 prodigum
973 875 1016 915 in
1051 888 1098 915 se
1132 874 1250 915 fame
1285 873 1461 915 titulum
1504 873 1689 915 strenuis
1729 873 1898 914 actibus

443 945 680 999 superauit.
742 943 821 986 Set
848 944 903 985 de
932 943 1015 985 hiis
1046 943 1254 984 hactenus
1285 956 1398 983 nunc
1428 948 1558 995 cepta
1588 941 1766 995 negotia
1795 955 1896 994 pro-

443 1027 688 1067 sequamur.

500 1081 757 1134 Discipulus.
822 1081 945 1132 Esto,
967 1081 1069 1134 quia
1091 1080 1150 1121 sic
1173 1080 1328 1133 placet.
1393 1079 1526 1121 Salua
1551 1079 1606 1120 sit
1629 1078 1756 1132 igitur
1777 1092 1898 1119 reue-

445 1152 584 1192 rentia
604 1151 872 1200 thesaurarii,
891 1150 959 1191 hic
980 1150 1152 1191 videtur
1180 1151 1270 1190 eius
1291 1149 1490 1202 dignitati
1513 1149 1772 1202 derogatum
1798 1147 1899 1202 quia

387 1243 423 1275 15
446 1235 531 1261 non
552 1226 618 1261 est
638 1219 719 1260 soli
741 1219 840 1260 fidei
862 1219 996 1272 ipsius
1018 1232 1094 1272 per
1115 1218 1261 1259 omnia
1282 1218 1504 1259 creditum.

501 1289 732 1342 M‘agz'ster.
791 1287 938 1328 Absit.
1002 1288 1146 1327 Immo
1175 1287 1315 1340 magis
1342 1287 1402 1327 sic
1433 1287 1524 1327 eius
1553 1285 1772 1327 laboribus
1798 1298 1898 1339 par-

445 1359 556 1398 citur
584 1364 628 1398 et
656 1355 962 1410 indempnitati
991 1355 1256 1409 prouidetur.
1317 1355 1420 1395 Non
1448 1355 1562 1396 enim
1592 1355 1693 1408 quia
1718 1353 1784 1394 vel
1815 1354 1899 1407 ipsi

445 1427 513 1468 vel
535 1426 607 1467 alii
636 1439 724 1466 non
753 1425 942 1466 creditur
969 1431 1036 1465 tot
1058 1431 1101 1465 et
1122 1425 1230 1464 tanti
1253 1425 1440 1465 resident
1462 1424 1517 1464 ad
1540 1423 1809 1470 scaccarium,
1833 1429 1898 1463 set

445 1495 548 1549 quia
588 1496 716 1536 rebus
758 1494 927 1547 magnis
967 1499 1010 1534 et
1050 1493 1169 1546 regni
1209 1493 1395 1546 negotiis
1427 1493 1508 1533 sub
1543 1498 1667 1532 tanto
1704 1491 1898 1544 principe

388 1585 427 1606 20
447 1565 571 1604 decet
604 1576 785 1616 magnos
815 1575 865 1603 ac
898 1561 1056 1602 multos
1087 1562 1298 1614 deputari,
1332 1574 1418 1603 non
1447 1567 1616 1602 tantum
1646 1568 1693 1601 vt
1720 1560 1898 1601 Vtilitati

445 1632 712 1687 prospiciant
733 1638 799 1672 set
822 1629 1080 1671 excellentie
1101 1637 1143 1671 et
1164 1630 1320 1671 honori
1343 1630 1461 1684 regio
1483 1630 1743 1671 deseruiant.

501 1700 761 1753 Dz'scz'pulzcs.
823 1700 1088 1752 Prosequere
1109 1699 1142 1740 si
1165 1699 1307 1752 placet
1328 1700 1384 1740 de
1405 1698 1567 1739 officiis.

502 1769 735 1822 llffagz'ster.
796 1768 1001 1810 Officium
1032 1768 1287 1809 thesaurarii
1319 1767 1386 1808 vel
1419 1781 1522 1808 cura
1551 1766 1620 1808 vel
1651 1765 1900 1808 sollicitudo

446 1838 579 1892 ipsius
620 1838 695 1878 vix
737 1836 944 1890 explicari
989 1843 1136 1889 posset
1176 1836 1331 1884 verbis,
1373 1836 1504 1876 etiam
1550 1836 1586 1876 si
1631 1841 1745 1876 esset
1793 1834 1900 1875 mihi

388 1907 663 1956 25‘calamus
694 1906 831 1948 scribe
860 1906 1066 1947 velociter
1093 1904 1341 1947 scribentis.'
1402 1904 1453 1946 In
1482 1905 1683 1946 omnibus
1711 1904 1827 1945 enim
1856 1909 1901 1945 et

446 1990 523 2030 per
559 1976 705 2017 omnia
740 1989 825 2028 que
855 1974 922 2016 vel
955 1975 997 2015 in
1029 1973 1230 2016 inferiore
1263 1975 1479 2015 scaccario
1509 1972 1577 2014 vel
1608 1974 1651 2014 in
1683 1973 1901 2027 superiore

446 2052 654 2098 geruntur
682 2044 816 2098 ipsius
845 2043 1028 2085 sollicita
1055 2043 1279 2097 diligentia
1300 2042 1541 2084 necessaria
1565 2048 1644 2083 est.
1707 2042 1782 2083 Ex
1803 2055 1900 2095 pre-

447 2114 574 2154 dictis
610 2120 759 2154 tamen
792 2126 952 2166 magna
983 2126 1061 2167 pro
1093 2117 1219 2166 parte
1249 2119 1449 2153 constare
1481 2111 1641 2165 poterit
1671 2110 1714 2151 in
1745 2110 1902 2164 quibus

399 2196 427 2226 R
447 2182 633 2235 amplior
673 2182 730 2223 sit
761 2182 853 2223 eius
891 2194 1003 2232 cura,
1035 2181 1147 2222 adeo
1177 2186 1224 2222 vt
1259 2181 1315 2222 ab
1350 2180 1433 2221 hiis
1467 2179 1595 2221 auelli
1637 2193 1723 2220 non
1764 2179 1902 2232 possit

389 2271 429 2301 30
449 2257 650 2292 manente
691 2251 917 2298 scaccario,
954 2251 997 2290 in
1036 2250 1294 2303 recipiendis
1335 2249 1498 2291 scilicet
1537 2248 1750 2302 compotis
1790 2249 1902 2290 vice-

447 2321 670 2367 comitum,
704 2326 747 2360 et
782 2320 825 2359 in
862 2319 1073 2372 scriptura
1113 2318 1256 2360 rotuli.
1318 2318 1420 2371 Ipse
1459 2330 1648 2370 namque
1689 2317 1904 2359 ministrat

448 2388 579 2429 verba
595 2388 834 2428 secundum
851 2387 1107 2441 qualitatem
1132 2387 1404 2438 negotiorum
1428 2386 1471 2426 in
1493 2386 1751 2439 scripturam
1770 2384 1902 2426 rotuli

450 2457 527 2504 sui,
548 2470 574 2497 a
602 2470 689 2509 quo
717 2457 1002 2510 postmodum
1030 2455 1138 2495 illud
1165 2455 1280 2496 idem
1309 2454 1525 2508 excipitur
1551 2455 1607 2495 ab
1632 2453 1727 2495 aliis
1749 2454 1902 2495 rotulis

500 2632 519 2666 3
541 2625 627 2668 post
642 2630 721 2659 tarn
739 2625 823 2660 add.
842 2625 877 2660 in
894 2626 930 2659 R
1062 2623 1114 2669 et]
1134 2624 1170 2659 in
1186 2624 1223 2658 R
1366 2632 1388 2666 4
1406 2622 1548 2659 iudiciis
1566 2623 1734 2658 Madoxz
1770 2622 1902 2658 iudicis

451 2671 513 2704 N:
556 2669 710 2706 iuduciis
743 2673 801 2706 R:
845 2672 1026 2707 iudicibus
1047 2672 1078 2707 C
1204 2679 1220 2715 5
1247 2677 1369 2715 potest
1401 2671 1437 2705 R
1576 2669 1683 2715 forte]
1718 2682 1806 2705 vero
1838 2670 1901 2705 N:

452 2728 532 2751 esse
557 2717 592 2750 R
757 2727 776 2761 7
802 2719 918 2754 sollici
947 2719 978 2753 C
1108 2717 1128 2751 8
1154 2724 1190 2753 et
1214 2729 1283 2752 om.
1309 2718 1344 2751 R
1512 2726 1550 2752 ΙΙ
1579 2728 1843 2762 prosequamus
1868 2718 1904 2751 R

457 2772 496 2805 13
519 2762 584 2806 sic]
605 2763 635 2798 si
652 2764 698 2797 N
796 2775 841 2799 20
865 2777 909 2800 ac
927 2792 935 2800 .
955 2792 963 2800 .
980 2792 988 2800 .
1007 2765 1152 2800 vtilitati
1171 2776 1239 2799 om.
1255 2765 1303 2798 N
1306 2767 1381 2809 per
1395 2764 1569 2798 lacunam
1681 2774 1721 2799 21
1750 2763 1845 2809 regis
1862 2764 1908 2799 N

453 2818 494 2854 25
523 2809 655 2855 scribe]
675 2810 835 2847 scribere
855 2814 903 2847 C:
931 2823 1000 2847 om.
1018 2814 1065 2847 N
1154 2812 1198 2847 26
1215 2813 1331 2857 prius
1349 2811 1384 2846 in
1402 2822 1470 2846 om.
1489 2811 1566 2845 NR
