2022 3281
435 203 517 234 122
921 191 1007 232 DE
1040 188 1401 232 SCACCARIO
1707 186 1764 245 [11
1787 189 1829 230 iii
1853 198 1879 229 Β

432 305 668 358 puniantur
697 304 913 346 absentes.
988 302 1087 343 Hiis
1114 315 1195 355 ego
1222 315 1309 342 non
1338 302 1573 353 dissenti03
1603 303 1638 344 si
1664 309 1812 344 tamen
1834 303 1880 351 is,

432 375 502 415 cui
516 374 789 427 delinquitur,
807 373 848 413 in
866 373 948 412 hoc
966 371 1108 424 ipsum
1124 370 1399 412 consenserit.
1457 371 1588 412 Hunc
1604 379 1752 414 autem
1770 385 1881 425 pene

433 444 613 484 modum
634 441 744 483 velle
772 453 916 494 regem
943 439 1175 480 admittere
1195 439 1299 479 satis
1326 439 1553 492 probabile
1578 447 1643 482 est
1668 454 1767 481 cum
1790 441 1881 481 eius

432 511 573 565 gratia
592 509 819 563 singularis

396 599 411 629 5
587 579 665 619 ‘ad
695 590 852 630 penam
878 576 1001 629 pigra
1021 575 1076 616 sit
1107 580 1151 616 et
1179 574 1260 616 hec
1290 576 1346 617 ad
1378 577 1543 630 premia
1563 576 1717 620 velox)

487 646 744 699 Dz'scz'pnlus.
804 643 1102 697 Imprudentis
1127 644 1290 697 pariter
1315 651 1359 685 et
1381 645 1646 698 impudentis
1670 651 1735 686 est
1755 646 1879 687 audi·

430 717 535 757 toris
557 720 797 756 currentem
825 713 1044 754 calamum
1066 719 1168 753 ante
1193 713 1417 765 prouisum
1443 713 1722 754 dicendorum
1749 714 1880 755 finem

383 798 411 830 C
432 796 748 836 preoccupare:
781 782 969 834 ideoque
999 781 1182 821 sustinui
1213 780 1392 822 voluens
1425 781 1468 822 in
1499 782 1647 822 animo
1677 782 1796 835 quod
1822 796 1881 823 ex

430 859 553 906 parte
575 865 644 893 me
665 851 824 892 turbat.
887 850 1054 890 Dixisti
1076 850 1203 900 enim,
1225 850 1260 890 si
1283 864 1361 904 per
1388 850 1691 892 vicecomitem
1713 852 1882 892 steterit

372 933 411 955 10
429 920 660 973 quominus
687 919 836 961 debita
863 918 1107 973 subscripta
1132 917 1366 969 soluantur,
1387 926 1490 960 tunc
1514 920 1570 960 de
1599 918 1723 960 firma
1748 933 1879 972 quam

429 989 649 1031 soluturus
689 994 766 1037 est,
803 988 1041 1041 capientur.
1102 986 1149 1028 Si
1192 1001 1295 1040 ergo
1333 988 1576 1029 vicecomes
1618 1001 1694 1042 per
1733 987 1882 1029 breuia

434 1059 544 1113 regis
575 1058 643 1099 vel
672 1059 715 1099 in
746 1057 1021 1111 operationes
1049 1056 1117 1097 vel
1143 1055 1248 1097 alias
1274 1056 1476 1098 vniuersa
1501 1056 1768 1098 distribuerit
1792 1071 1878 1110 que

427 1129 497 1168 hic
519 1128 655 1168 fuerat
676 1126 909 1176 soluturus,
930 1125 1033 1179 quid
1057 1124 1164 1166 fiet?

484 1197 714 1250 lllagister.
776 1195 889 1236 Cum
921 1208 978 1235 ex
1009 1195 1120 1247 regis
1151 1194 1361 1235 mandato
1390 1193 1460 1234 vel
1490 1194 1532 1234 in
1563 1207 1735 1235 camera
1763 1194 1880 1235 curie

369 1276 407 1307 15
427 1265 493 1307 vel
517 1266 559 1306 in
582 1264 918 1318 operationibus,
939 1263 1006 1303 vel
1032 1263 1303 1316 quibuslibet
1328 1263 1423 1303 aliis
1452 1261 1621 1303 firmam
1648 1262 1879 1304 comitatus

426 1334 698 1387 expenderit,
720 1334 755 1374 si
785 1332 829 1373 in
860 1331 1020 1373 debitis
1051 1331 1270 1372 soluendis
1302 1331 1443 1372 minus
1469 1332 1610 1385 egisse
1640 1331 1879 1384 deprehen-

424 1403 557 1453 ditur,
579 1416 657 1455 per
683 1401 815 1442 fidem
842 1415 977 1450 suam,
997 1399 1069 1441 vbi
1099 1400 1282 1441 maiores
1307 1401 1590 1449 decreuerint‚
1615 1400 1879 1441 detinebitur

427 1473 567 1513 donec
588 1471 644 1511 de
665 1470 747 1510 hiis
768 1469 964 1518 satisfiat,
986 1469 1095 1509 sicut
1114 1468 1169 1509 de
1191 1467 1315 1509 firma
1336 1468 1632 1510 satisfacturus
1653 1469 1804 1510 fuerat.

483 1539 739 1592 Disczpulus.
801 1538 911 1579 Cum
933 1538 1113 1579 citatum
1134 1537 1434 1578 vicecomitem
1456 1544 1499 1578 et
1523 1551 1608 1577 non
1629 1538 1875 1581 venientem

368 1618 408 1640 ²0
429 1609 497 1650 vel
519 1615 802 1650 excusantem
825 1613 918 1647 tum
941 1620 1082 1647 rerum
1106 1605 1330 1646 mobilium
1352 1612 1446 1646 tum
1470 1606 1756 1646 immobilium
1780 1612 1872 1646 tum

428 1677 558 1718 etiam
581 1676 741 1729 proprii
758 1675 946 1729 corporis
967 1674 1112 1728 grauis
1133 1674 1297 1715 iactura
1317 1681 1525 1727 sequatur
1542 1674 1623 1714 nisi
1646 1687 1768 1714 suam
1791 1687 1877 1714 non

424 1745 713 1786 voluntariam
746 1744 822 1785 sed
853 1743 1138 1784 necessariam
1164 1743 1408 1784 absentiam
1436 1743 1738 1793 excusauerit;
1770 1756 1877 1796 rogo

427 1822 484 1864 te,
507 1815 540 1854 si
569 1815 725 1869 placet,
746 1820 795 1855 vt
821 1827 930 1866 quas
957 1812 1116 1853 citatus
1141 1811 1395 1864 pretendere
1421 1812 1557 1866 possit
1582 1810 1779 1853 absentie
1799 1824 1876 1859 sue

426 1883 690 1925 sufficientes
712 1896 876 1932 causas,
899 1882 1066 1935 aperire
1089 1894 1175 1920 non
1203 1881 1389 1921 differas.

360 1952 408 1988 iv
482 1953 714 2005 ‚Magz'sten
778 1951 925 1991 Plures
952 1956 1052 1991 sunt
1076 1950 1408 1991 excusationum
1438 1949 1568 1999 modi,
1589 1949 1745 2003 quibus
1766 1949 1879 1989 vice-

377 2007 407 2034 A
428 2021 598 2062 comitis
615 2020 812 2062 absentia
826 2025 1024 2060 seruatur
1038 2019 1284 2072 indempnis
1302 2033 1312 2067 ς
1344 2018 1405 2059 sic
1423 2023 1570 2058 tamen
1587 2025 1634 2059 vt
1652 2018 1878 2059 occasione

426 2090 495 2131 vel
517 2089 797 2131 excusatione
814 2088 1059 2142 postposita
1080 2088 1151 2128 die
1168 2087 1391 2128 nominata
1409 2100 1485 2140 per
1504 2085 1742 2139 legittimos
1762 2086 1878 2127 viros

425 2159 655 2213 pecuniam
686 2158 797 2212 regis
828 2164 956 2199 antea
986 2155 1215 2198 collectam
1243 2156 1480 2208 premittat‚
1503 2155 1576 2208 qui
1609 2155 1879 2208 porrigentes

428 2228 661 2282 presidenti
680 2227 845 2268 litteras
866 2225 1171 2273 excusationis,
1189 2230 1232 2265 et
1248 2224 1443 2265 absentie
1459 2223 1622 2264 domini
1644 2224 1708 2264 sui
1726 2237 1878 2264 causas

366 2311 409 2341 30
429 2296 688 2338 necessarias
720 2295 974 2348 allegantes,
1005 2294 1138 2335 etiam
1169 2298 1441 2334 sacramento
1473 2292 1750 2345 corporaliter
1782 2305 1877 2345 pre-

424 2366 539 2414 stito,
561 2366 596 2406 si
629 2365 863 2418 presidenti
895 2363 1117 2417 placuerit,
1140 2362 1315 2403 easdem
1347 2360 1616 2402 confirment.
1679 2360 1811 2413 Quod
1842 2360 1878 2402 si

428 2435 672 2476 vicecomes
706 2433 775 2474 vel
807 2432 916 2473 alius
951 2431 1143 2472 seruiens
1184 2431 1355 2479 citatus,
1387 2429 1639 2469 infirmitate
1672 2429 1876 2469 detentus

474 2545 489 2570 1
519 2547 605 2580 ergo
625 2535 657 2570 C
824 2543 844 2568 2
871 2531 924 2576 in]
941 2539 978 2568 et
994 2534 1029 2567 R
1171 2529 1424 2566 consenserint
1441 2529 1488 2564 N
1637 2539 1656 2572 3
1682 2529 1877 2565 admittere

425 2593 547 2625 regem
569 2584 598 2616 C
708 2589 724 2625 5
752 2580 814 2624 sit]
834 2581 886 2615 sic
904 2582 939 2614 R
1032 2577 1152 2622 velox]
1170 2579 1343 2612 lacunam
1360 2577 1467 2611 habet
1481 2577 1516 2610 R
1622 2584 1641 2618 7
1668 2576 1818 2621 prouisu
1836 2577 1883 2610 N

425 2628 446 2662 8
465 2631 554 2672 post
569 2628 725 2663 sustinui
747 2628 833 2662 add.
855 2628 964 2662 finem
985 2626 1016 2661 C
1107 2624 1264 2659 volumis
1281 2624 1328 2658 N
1419 2633 1459 2657 12
1485 2625 1571 2656 ante
1587 2623 1677 2657 alias
1695 2623 1778 2658 add.
1797 2623 1835 2657 in
1847 2623 1880 2658 C

422 2675 773 2764 ffiffli‘lffilss'de
791 2672 1117 2755 {3213p32i223ff122ss
1129 2675 1271 2753 m‘em‘e
1287 2669 1666 2751 {Zibsssii2332135‘5v³n
1685 2670 1716 2705 c
1741 2670 1876 2761 fu‘ssiffi

423 2774 501 2801 erat
523 2768 553 2802 C
630 2749 689 2802 ⁹20
714 2774 792 2802 tum
810 2733 1051 2802 imnliobilium
1070 2777 1139 2801 om.
1156 2766 1192 2800 R
1294 2773 1350 2806 20,
1369 2773 1409 2797 21
1439 2770 1527 2798 tunc
1541 2763 1577 2797 in
1592 2764 1646 2798 R:
1673 2769 1751 2798 tum
1763 2762 1873 2798 etiam

423 2814 459 2848 in
474 2814 505 2849 C
642 2823 685 2857 23
712 2813 818 2858 quas]
839 2814 919 2859 quis
941 2814 1017 2848 CN
1150 2820 1192 2855 27
1219 2809 1452 2847 excusatione
1470 2810 1674 2856 postposita
1689 2809 1747 2846 vel
1765 2821 1873 2846 occa-

422 2861 524 2896 sione
546 2861 577 2896 C
675 2861 719 2896 28
745 2860 823 2906 qui]
842 2861 928 2906 quia
946 2861 978 2896 C
