2022 3281
436 174 489 215 88
925 175 1011 217 DE
1044 172 1404 217 SCACCARIO
1741 172 1779 232 [1
1799 175 1841 216 vi
1862 181 1883 224 J

433 291 662 345 pecuniam
694 290 798 332 fisco
827 290 986 332 debere
1022 289 1184 338 cedere,
1216 288 1298 329 nisi
1328 289 1439 331 forte
1469 289 1570 331 noui
1598 290 1685 331 sint
1720 297 1765 332 et
1797 302 1884 330 non

433 359 603 401 vsuales
633 359 810 408 denarii,
840 371 1024 412 quorum
1058 357 1189 398 etiam
1224 358 1531 411 superscriptio
1565 372 1692 400 suum
1727 359 1884 412 probat

434 435 670 470 auctorem.
732 428 855 468 Tunc
885 427 1000 467 enim
1031 426 1147 466 idem
1180 426 1449 467 monetarius
1479 440 1608 480 super
1637 441 1769 482 opere
1805 440 1886 467 suo

435 497 626 539 districte
677 496 956 538 conuenietur
996 501 1039 536 et
1080 494 1250 548 legibus
1292 495 1539 537 constitutis
1587 496 1678 537 sine
1719 496 1884 537 iactura

397 579 415 611 5
436 565 698 607 vicecomitis
739 563 1103 606 condemnabitur
1142 563 1210 604 vel
1242 563 1507 604 absoluetur.
1569 563 1701 617 Quod
1737 565 1772 605 si
1808 577 1886 618 per

435 633 801 674 examinationem
827 631 1021 686 probatis
1050 638 1093 673 et
1124 633 1367 686 reprobatis
1397 632 1596 684 denariis,
1622 633 1887 674 monetarius

435 703 780 754 condempnatus
803 707 846 742 et
867 700 1045 753 punitus
1071 700 1210 748 fuerit,
1234 698 1439 757 [denarii]
1463 715 1489 742 a
1510 700 1654 742 fusore
1683 701 1884 743 scaccarii

435 770 705 823 presentibus
741 769 835 810 aliis
871 769 998 810 huius
1039 769 1144 810 artis
1177 770 1327 823 peritis
1367 769 1585 824 redigetur
1620 770 1664 810 in
1700 784 1887 811 massam

437 844 481 879 et
516 838 689 892 pondus
721 838 810 878 eius
846 838 1092 880 vicecomiti
1123 839 1457 893 computabitur.
1521 835 1709 895 [Verum
1745 844 1888 880 totum

380 919 419 942 10
436 908 518 949 hoc
542 920 653 960 pene
675 920 788 948 nunc
810 906 1023 948 abolitum
1041 913 1107 948 est
1131 914 1175 949 et
1193 908 1379 949 multum
1401 907 1667 961 relinquitur,
1683 907 1889 960 quoniam

437 977 481 1017 in
507 982 681 1017 moneta
710 975 971 1030 generaliter
1000 983 1205 1029 peccatur
1234 976 1291 1018 ab
1322 976 1536 1018 omnibus,
1598 976 1712 1018 Cum
1741 981 1890 1017 autem

437 1045 493 1086 ad
511 1045 707 1086 debitum
721 1051 765 1085 et
781 1044 877 1098 lege
894 1045 1232 1087 determinatum
1249 1046 1430 1087 modum
1445 1050 1621 1086 moneta
1634 1044 1892 1099 peruenerit,

441 1114 661 1168 primitiue
711 1113 1032 1155 constitutionis
1085 1114 1229 1167 legem
1280 1113 1500 1155 obseruari
1549 1127 1724 1155 necesse
1774 1109 1891 1168 erit.]

392 1185 427 1217 K
445 1183 610 1225 Contra
631 1183 666 1223 si
697 1182 792 1235 quis
820 1183 1062 1224 vicecomes
1093 1196 1296 1224 nummos
1323 1182 1541 1224 attulisset
1570 1195 1755 1235 quorum
1784 1181 1893 1223 libra

384 1271 423 1303 15
444 1251 673 1293 combusta
695 1251 751 1291 ad
772 1265 810 1291 ν.
833 1251 901 1291 vel
924 1251 994 1291 iiii.
1016 1251 1084 1292 vel
1116 1252 1225 1292 infra
1250 1266 1296 1293 se
1317 1251 1549 1301 cohiberet,
1572 1257 1615 1292 et
1643 1251 1892 1292 viderentur

442 1322 498 1362 de
530 1333 647 1360 nouo
682 1319 783 1359 facti
819 1333 905 1360 non
940 1320 1110 1361 vsuales
1149 1321 1219 1361 vel
1249 1321 1440 1371 cursorii,
1472 1319 1600 1360 simili
1632 1320 1767 1360 modo
1804 1332 1891 1360 non

443 1389 642 1443 legittimi
678 1388 931 1430 dicebantur
971 1389 1093 1442 quasi
1124 1390 1389 1431 excedentes
1425 1388 1567 1443 legem
1604 1401 1893 1438 communem,

441 1459 555 1499 vnde
576 1464 619 1499 et
644 1458 829 1499 infiscari
858 1464 1059 1511 poterant
1081 1458 1191 1500 sicut
1217 1465 1260 1499 et
1288 1457 1373 1499 alii.
1436 1457 1551 1498 Item
1576 1464 1677 1498 sunt
1699 1458 1754 1498 ad
1775 1469 1894 1498 scac-

443 1527 605 1567 carium
635 1525 912 1568 liberationes
951 1527 1186 1567 constitute
1227 1540 1312 1580 que
1350 1527 1526 1568 statutis
1567 1525 1761 1567 terminis
1801 1526 1895 1566 sine

384 1613 425 1636 20
444 1595 565 1636 breui
591 1595 704 1648 regis
720 1595 955 1636 soluuntur.
1018 1594 1170 1648 Qualis
1187 1602 1252 1637 est
1269 1595 1467 1636 liberatio
1485 1594 1686 1644 naucleri,
1699 1594 1894 1635 custodis

444 1663 607 1704 scilicet
629 1663 750 1704 nauis
771 1664 888 1717 regie
908 1677 1041 1717 quam
1064 1677 1286 1705 esneccam
1307 1663 1501 1710 dicimus,
1523 1663 1597 1716 qui
1620 1663 1694 1703 xii.
1713 1662 1896 1717 percipit

443 1745 617 1786 quaque
642 1733 726 1773 die.
806 1733 876 1773 De
903 1746 989 1786 qua
1017 1739 1059 1773 et
1084 1733 1381 1774 consimilibus
1412 1733 1524 1774 talee
1555 1732 1665 1773 fiunt
1695 1746 1721 1773 a
1748 1745 1893 1773 came-

444 1801 564 1841 rariis
585 1801 687 1854 quia
707 1801 762 1841 de
783 1800 864 1841 hiis
885 1802 1035 1842 breuia
1060 1814 1146 1841 non
1168 1801 1344 1843 habent.
1417 1801 1546 1842 Miles
1568 1808 1716 1842 autem
1738 1814 1893 1853 argen-

443 1870 576 1911 tarius
597 1870 752 1911 horum
780 1876 954 1911 recauta
981 1870 1115 1911 habet
1141 1871 1185 1911 id
1206 1877 1272 1911 est
1297 1870 1596 1911 contrataleas.
1659 1869 1744 1910 Hic
1767 1869 1895 1910 simul

386 1955 425 1988 25
445 1944 487 1979 et
509 1938 628 1980 fusor
655 1938 794 1992 rogati
821 1952 847 1979 a
875 1939 1120 1980 camerariis
1146 1952 1248 1979 cum
1277 1952 1453 1981 necesse
1480 1938 1608 1980 fuerit
1635 1945 1681 1980 et
1709 1938 1897 1992 plurima

444 2007 590 2049 delata
612 2007 792 2061 pecunia
808 2007 1011 2061 opprimit
1028 2014 1364 2061 computatores,
1382 2007 1532 2049 iuuant
1553 2020 1627 2049 eos
1648 2007 1691 2048 in
1713 2020 1897 2060 compu-

444 2077 625 2118 tatione.
683 2076 993 2118 Voluntarium
1019 2082 1167 2118 tamen
1195 2084 1260 2118 est
1287 2076 1371 2117 hoc
1398 2076 1458 2118 eis
1482 2090 1569 2118 non
1596 2076 1897 2118 necessarium.

447 2145 520 2187 Sic
541 2145 677 2186 habes
699 2145 844 2186 militis
866 2145 1099 2199 argentarii
1121 2145 1247 2186 simul
1271 2152 1313 2187 et
1336 2144 1491 2187 fusoris
1514 2145 1668 2187 officia.

501 2213 761 2267 Disczpulus.
821 2214 919 2268 Que
939 2220 1041 2254 sunt
1062 2214 1186 2268 signa
1207 2213 1309 2256 facti
1330 2214 1399 2255 vel
1420 2214 1564 2255 infecti
1586 2213 1797 2255 examinis
1815 2217 1832 2255 ?

385 2297 428 2328 30
503 2283 735 2336 Magister.
795 2282 899 2325 Non
927 2282 1032 2324 satis
1061 2283 1175 2332 noui,
1196 2283 1298 2336 quia
1327 2296 1405 2324 nec
1426 2282 1634 2324 sollicitus
1659 2296 1790 2335 super
1815 2281 1896 2323 hiis

445 2351 515 2399 fui,
549 2365 698 2392 verum
734 2352 942 2405 quamdiu
975 2365 1105 2405 super
1141 2352 1226 2392 iam
1261 2350 1476 2404 liquidum
1508 2356 1737 2404 argentum
1773 2350 1898 2403 nigra

446 2421 635 2473 quedam
666 2419 880 2462 nubecula
910 2420 1171 2462 circumferri
1202 2420 1476 2473 conspicitur,
1497 2419 1701 2460 infectum
1729 2418 1897 2461 dicitur.

446 2489 512 2529 At
534 2502 631 2530 cum
653 2490 843 2542 quedam
864 2489 987 2542 quasi
1008 2502 1142 2542 grana
1164 2488 1332 2530 minuta
1357 2488 1412 2528 ab
1433 2488 1521 2528 imo
1547 2487 1821 2529 deducuntur
1841 2487 1897 2529 ad

448 2570 667 2598 summum
689 2564 733 2599 et
754 2558 839 2600 illic
861 2558 1157 2599 dissoluuntur
1177 2558 1350 2610 signum
1373 2563 1440 2598 est
1461 2557 1715 2598 examinati.

499 2655 513 2680 1
535 2648 623 2690 post
637 2647 768 2682 cedere
785 2648 868 2683 add.
887 2659 1013 2683 verum
1030 2649 1129 2683 linea
1145 2647 1321 2682 subducta
1334 2648 1370 2681 R
1460 2656 1480 2681 2
1499 2647 1630 2691 prodat
1648 2648 1684 2681 R
1755 2657 1777 2692 9
1801 2647 1899 2682 vice-

449 2692 575 2726 comiti
594 2695 862 2738 computabitur
881 2706 950 2730 om.
968 2696 1003 2729 R
1121 2703 1141 2737 7
1161 2693 1300 2729 denarii
1317 2693 1532 2728 seclusimus
1651 2703 1739 2738 9—11
1760 2696 1900 2730 Verum

450 2764 460 2773 .
479 2764 487 2773 .
506 2765 513 2773 .
531 2739 703 2774 omnibus
713 2742 800 2785 post
816 2752 967 2777 necesse
980 2741 1048 2777 erit
1066 2742 1102 2775 R
1203 2750 1245 2776 10
1268 2739 1381 2786 nunc]
1397 2752 1473 2775 non
1492 2741 1522 2775 C
1626 2750 1667 2775 12
1693 2740 1899 2787 peruenerit

449 2792 598 2819 moneta
618 2786 648 2820 C
743 2795 781 2831 15
802 2787 904 2831 ad]'a
920 2789 967 2823 N
1055 2787 1106 2832 v.]
1124 2787 1171 2832 vj.
1189 2789 1225 2822 R
1321 2796 1362 2830 17
1381 2786 1500 2833 quasi]
1519 2787 1606 2833 quia
1625 2788 1657 2822 C
1752 2798 1793 2833 19
1810 2798 1900 2823 con-

448 2832 573 2867 stitute
590 2832 832 2869 liberaciones
851 2835 882 2870 C
974 2844 1018 2870 22
1043 2841 1079 2870 et
1097 2832 1168 2870 om.¹
1182 2835 1230 2869 N
1319 2836 1362 2871 28
1389 2834 1496 2870 simul
1513 2846 1581 2870 om.
1598 2835 1645 2869 N
