2912 4368
296 1065 429 1098 capp,
453 1066 543 1096 ΜΒ.
567 1054 624 1113 11]
779 1057 865 1098 DE
899 1056 1263 1100 SCACCARIO
1669 1072 1746 1112 109

297 1185 352 1212 ex
371 1171 657 1224 paucioribus,
676 1170 787 1211 hidis
805 1178 988 1212 constat.
1050 1172 1166 1212 Hinc
1181 1170 1455 1211 hundredum
1473 1170 1514 1211 in
1532 1172 1751 1213 veteribus

297 1253 446 1293 regum
490 1240 777 1293 Anglicorurn
821 1241 1056 1294 priuilegiis
1094 1241 1376 1281 centuriatam
1419 1240 1629 1280 nominari
1671 1241 1750 1280 fre-

297 1317 478 1360 quenter
511 1309 718 1350 inuenies.
780 1310 1024 1351 Comitatus
1058 1317 1205 1350 autem
1238 1310 1389 1350 eadem
1423 1309 1519 1363 lege
1557 1323 1613 1349 ex
1645 1309 1751 1349 hun-

297 1378 439 1418 dredis
472 1386 698 1428 constant3
741 1380 823 1419 hoc
858 1386 921 1419 est
956 1380 1132 1432 quidam
1166 1392 1221 1418 ex
1253 1378 1447 1431 pluribus
1481 1378 1660 1430 quidam
1698 1393 1752 1418 ex

298 1447 585 1500 paucioribus,
628 1449 865 1488 secundum
909 1449 1025 1500 quod
1075 1448 1214 1487 diuisa
1256 1454 1320 1487 est
1370 1454 1483 1487 terra
1528 1460 1605 1499 per
1640 1446 1789 1495 viros5

296 1516 516 1557 discretos,
578 1517 824 1558 Comitatus
856 1518 983 1570 igitur
1015 1531 1038 1557 a
1071 1516 1227 1556 comite
1259 1516 1428 1565 dicitur,
1450 1515 1518 1556 vel
1551 1529 1693 1556 comes
1729 1530 1753 1555 a

299 1586 520 1625 comitatu.
584 1585 741 1626 Comes
769 1593 913 1626 autem
939 1593 1002 1626 est
1031 1586 1103 1638 qui
1132 1585 1303 1625 tertiam
1327 1585 1573 1638 portionem
1605 1598 1752 1625 eorum

297 1667 382 1705 que
414 1654 467 1694 de
505 1654 676 1708 placitis
712 1656 969 1708 proueniunt
1013 1655 1054 1693 in
1087 1654 1298 1694 comitatu
1331 1653 1525 1706 quolibet
1558 1654 1753 1706 percipit.

301 1722 484 1763 Summa
516 1738 703 1777 namque
736 1724 817 1774 illa,
841 1737 924 1776 que
957 1724 1133 1763 nomine
1167 1723 1289 1763 firme
1326 1723 1555 1775 requiritur
1587 1736 1611 1762 a
1642 1723 1754 1762 vice-

298 1792 469 1841 comitet
507 1799 599 1833 tota
639 1807 724 1832 non
759 1794 931 1846 exurgit
968 1806 1023 1832 ex
1055 1793 1286 1833 fundorum
1324 1792 1564 1832 redditibus
1601 1799 1665 1831 set
1700 1805 1816 1830 ex10

301 1873 460 1913 magna
483 1868 605 1913 parte
637 1862 689 1901 de
712 1861 879 1913 placitis
907 1861 1106 1913 prouenit
1135 1868 1176 1900 et
1204 1860 1357 1900 horum
1387 1860 1560 1899 tertiam
1587 1865 1756 1912 partem

302 1941 447 1968 comes
472 1930 665 1981 percipit,
728 1930 813 1982 Qui
846 1930 942 1969 ideo
972 1929 1030 1969 sic
1060 1929 1142 1969 dici
1170 1929 1326 1969 dicitur
1356 1929 1456 1981 quia
1486 1928 1590 1968 fisco
1618 1928 1757 1968 socius
1792 1948 1795 1951 ·

301 2005 365 2037 est
404 2006 446 2038 et
473 2011 619 2038 comes
648 1998 689 2037 in
720 1998 1017 2051 percipiendis.
1083 1998 1217 2037 Porro
1246 1998 1487 2037 vicecomes
1520 1997 1676 2037 dicitur
1705 2010 1756 2037 eo

299 2068 416 2118 quod
440 2067 576 2106 vicem
604 2067 773 2107 comitis
810 2065 1010 2119 suppleat
1041 2066 1082 2105 in
1113 2066 1282 2118 placitis
1312 2066 1390 2105 illis
1421 2065 1578 2119 quibus
1611 2078 1757 2105 comes

301 2148 357 2175 ex
379 2149 453 2175 sue
476 2135 696 2188 dignitatis
719 2136 884 2176 ratione
907 2135 1148 2188 participat.
1781 2152 1815 2183 15

356 2203 614 2255 Dz'scz'pzclns.
678 2204 904 2257 Numquid
943 2218 999 2245 ex
1041 2203 1222 2257 singulis
1255 2202 1537 2244 comitatibus
1575 2203 1757 2242 comites

301 2272 383 2312 ista
406 2273 680 2325 percipiunt?

355 2341 587 2393 Magister.
650 2343 957 2395 Nequaquam.
1021 2341 1096 2382 Set
1119 2340 1178 2381 hii
1208 2345 1381 2381 tantum
1408 2340 1489 2381 ista
1516 2340 1758 2393 percipiunt

299 2410 457 2463 quibus
480 2424 627 2463 regum
658 2411 953 2453 munificentia
974 2411 1171 2463 obsequii
1199 2410 1367 2463 prestiti
1390 2409 1458 2450 vel
1481 2410 1639 2450 eximie
1661 2424 1758 2462 pro-

299 2479 447 2520 bitatis
470 2480 627 2520 intuitu
661 2481 841 2521 comites
867 2481 948 2521 sibi
976 2488 1093 2522 creat
1127 2487 1170 2521 et
1201 2480 1369 2520 ratione
1400 2479 1623 2532 dignitatis
1647 2478 1758 2518 illius
1782 2498 1820 2518 20

301 2547 379 2588 hec
405 2549 664 2589 conferenda
691 2550 895 2597 decernit,
919 2550 1181 2603 quibusdam
1210 2548 1467 2589 hereditarie
1494 2548 1759 2601 quibusdam

302 2618 598 2669 personaliter,

361 2686 551 2726 Rotulus
578 2688 825 2727 exactorius
855 2686 925 2728 ille
953 2695 1018 2728 est
1049 2688 1089 2727 in
1120 2700 1206 2739 quo
1239 2686 1438 2726 distincte
1466 2685 1568 2725 satis
1595 2691 1636 2725 et
1667 2684 1759 2724 dili-

307 2761 458 2806 genter
487 2762 751 2795 annotantur
777 2755 898 2796 firme
930 2757 1040 2808 regis
1071 2770 1154 2808 que
1188 2769 1242 2795 ex
1276 2754 1452 2807 singulis
1484 2754 1760 2794 comitatibus

306 2831 537 2876 exurgunt,
573 2824 690 2864 cuius
722 2838 894 2864 summa
927 2825 1055 2864 minui
1089 2825 1264 2876 quidem
1298 2837 1384 2863 non
1416 2829 1559 2876 potest
1594 2828 1657 2863 set
1687 2836 1761 2875 per
1783 2842 1819 2873 25

305 2904 533 2944 operosam
557 2892 815 2933 iustitiarum
840 2894 1110 2947 diligentiam
1135 2893 1380 2944 frequenter
1404 2899 1599 2944 augetur.
1676 2891 1762 2931 Re-

310 2960 523 3013 liquorum
568 2962 686 3010 ratio‚
730 2962 889 3003 scilicet
931 2963 1155 3003 annalium
1193 2961 1448 3010 rotulorum,
1481 2968 1523 3001 et
1576 2960 1761 3000 aliorum

306 3043 489 3082 quorum
526 3044 654 3083 supra
692 3031 966 3071 meminimus
1004 3045 1088 3084 que
1132 3031 1173 3071 in
1208 3030 1411 3070 thesauro
1449 3036 1547 3069 sunt
1584 3036 1628 3069 et
1662 3029 1762 3069 inde

306 3111 389 3138 non
419 3100 638 3148 recedunt,
671 3114 726 3140 ex
760 3100 964 3153 predictis
1006 3101 1110 3141 satis
1147 3100 1297 3152 liquet.
1360 3098 1517 3138 Restat
1554 3098 1686 3150 igitur
1716 3105 1762 3138 vt

305 3167 360 3207 ad
384 3168 566 3208 maiores
589 3176 631 3209 et
655 3170 792 3222 magis
814 3170 1076 3210 necessarias
1110 3168 1400 3208 institutiones
1429 3167 1628 3207 scaccarii
1662 3180 1761 3207 con·
1782 3174 1839 3217 30'

305 3242 536 3287 uertamur,
569 3237 611 3276 in
653 3238 809 3290 quibus
841 3244 887 3278 vt
922 3238 1163 3290 predictum
1200 3244 1263 3277 est
1303 3236 1588 3276 excellentior
1621 3243 1685 3276 est
1720 3241 1763 3276 et

307 3305 450 3345 vtilior
472 3311 516 3346 et
538 3319 562 3345 a
584 3305 778 3360 pluribus
801 3307 1005 3347 remotior
1029 3306 1229 3347 scaccarii
1253 3305 1443 3345 scientia.

344 3392 562 3451 [Explicit
585 3397 693 3438 liber
715 3398 894 3451 primus.
959 3398 1178 3451 Incipiunt
1202 3396 1391 3450 capitula
1414 3396 1590 3437 secundi
1614 3396 1721 3437 libri.

370 3475 401 3514 I.
436 3475 507 3515 Ex
527 3477 684 3529 quibus
704 3484 746 3519 et
769 3478 954 3531 qualiter
972 3485 1015 3519 et
1037 3479 1092 3518 ad
1115 3477 1218 3530 quid
1238 3476 1347 3516 fiunt
1370 3476 1742 3517 summonitiones.

371 3543 429 3582 ΙΙ.
465 3543 562 3596 Que
586 3546 640 3586 sit
663 3546 908 3588 differentia
930 3546 1319 3587 summonitionum
1337 3546 1558 3599 Vtriusque
1579 3546 1761 3586 termini.
1784 3563 1821 3593 35

360 3641 399 3675 13
427 3644 470 3667 eo
488 3645 554 3667 om.
574 3635 649 3669 NR
717 3638 758 3671 18
785 3638 976 3682 Affigister
992 3648 1058 3670 om.
1078 3637 1112 3669 R
1180 3645 1224 3668 20
1249 3635 1394 3670 comitis
1414 3636 1459 3669 N
1518 3636 1561 3670 26
1588 3635 1761 3670 iusticiar'

308 3678 395 3759 fiCle:
419 3680 662 3761 &usticiarium
681 3684 741 3718 N.-
775 3684 1049 3719 iustitiariorum
1068 3683 1313 3719 Lz'ebermamz
1388 3692 1430 3727 34
1457 3690 1493 3718 et
1512 3683 1667 3728 qualiter
1679 3686 1766 3727 post

336 3734 396 3760 unt
