2022 3281
115 182 133 215 1
153 173 210 215 vii
233 170 283 230 E]
604 173 691 215 DE
722 171 1082 216 SCACCARIO
1516 186 1566 229 91

114 286 248 326 etiam
289 284 398 327 libre
429 284 634 338 ponderis
666 284 978 339 respondentes
1009 283 1222 333 soluisset‚
1253 293 1570 339 consequenter

111 351 267 394 libram
293 353 495 394 soluisset
516 360 779 407 argenteam.
841 353 1017 394 Poterat
1038 353 1153 394 enim
1169 366 1304 407 cupro
1324 354 1393 395 vel
1414 355 1568 408 quouis

112 435 184 463 ere
205 423 392 464 mixtam
419 422 613 472 soluisse,
635 435 734 464 cum
763 435 850 462 non
872 422 993 464 fieret
1015 422 1295 464 examinatio.
1355 423 1418 464 Vt
1439 424 1569 477 igitur

110 491 228 544 regie
258 490 385 532 simul
420 496 464 532 et
497 490 670 545 publice
706 490 1007 544 prouideretur
1037 492 1228 543 vtilitati‚
1256 491 1408 533 habito
1440 506 1569 547 super

110 558 195 601 hoc
231 560 326 613 ipso
362 560 476 614 regis
516 559 710 610 consilio,
748 561 1033 602 constitutum
1070 566 1137 602 est
1177 566 1225 602 vt
1260 559 1384 602 fieret
1414 562 1603 603 ordine5

108 629 304 682 predicto
326 627 452 669 firme
473 628 718 670 combustio
739 628 806 669 vel
830 629 1107 670 examinatio.

164 697 428 751 Dz'scz‘pulzcs.
491 696 729 751 Quomodo
751 697 954 751 publice?

164 767 396 821 Magister.
459 766 659 808 Sentiens
696 767 812 807 enim
844 767 1087 809 vicecomes
1119 781 1166 809 se
1203 768 1453 821 pregrauari
1488 782 1566 822 per

105 836 455 878 combustionem
472 835 697 876 deterioris
716 842 907 884 monete,
929 849 1028 877 cum
1052 835 1223 877 firmam
1246 843 1311 878 est
1332 837 1564 886 soluturus,

107 903 340 945 sollicitam
363 904 547 946 adhibet
563 903 836 957 diligentiam
854 910 900 945 vt
923 905 1150 946 monetarii
1167 905 1248 946 sub
1269 919 1321 946 eo
1338 906 1563 947 constituti
1586 913 1625 936 10

107 972 216 1026 legis
242 973 480 1014 constitute
505 972 613 1013 fines
642 985 728 1012 non
756 973 988 1014 excedant.
1051 972 1176 1027 Quos
1204 987 1304 1015 cum
1326 974 1562 1028 deprehen-

105 1040 216 1082 derit
236 1042 298 1083 sic
320 1042 559 1095 puniuntur
579 1047 628 1081 vt
650 1053 801 1082 eorum
823 1041 1031 1094 exemplo
1053 1042 1184 1083 ceteri
1204 1048 1457 1084 terreantur.

160 1110 420 1164 Disczpulus.
481 1109 706 1162 Numquid
748 1110 804 1150 de
852 1111 1055 1151 omnibus
1105 1111 1386 1153 comitatibus
1437 1112 1564 1153 firma

102 1178 259 1221 blanca
279 1179 390 1221 solui
411 1179 544 1220 debet
564 1172 924 1220 vel'examinatio
949 1179 1071 1220 fieri?

159 1247 390 1301 Magister.
452 1247 571 1289 Non.
631 1246 722 1288 Sed
747 1247 821 1300 qui
851 1248 905 1288 de
933 1248 1114 1301 antiquo
1142 1248 1234 1289 iure
1262 1262 1419 1290 corone
1444 1249 1560 1303 regie
1579 1262 1617 1294 15

101 1317 440 1357 annominantur
459 1316 520 1357 sic
541 1315 730 1357 soluunt.
793 1315 882 1369 Qui
903 1330 1006 1358 vero
1033 1330 1110 1370 per
1131 1317 1369 1359 incidentes
1391 1317 1560 1372 aliquos

101 1398 227 1426 casus
270 1384 527 1426 infiscantur
570 1384 664 1427 solo
709 1399 890 1426 numero
938 1385 1221 1436 satisfaciunt,
1267 1385 1419 1439 quales
1459 1393 1560 1427 sunt

101 1452 333 1508 Salopscir,
366 1454 556 1503 SudseX,
589 1454 977 1496 Norhumberland
1018 1461 1061 1495 et
1095 1454 1404 1496 Cumberland.
1482 1455 1559 1496 Li-

98 1523 250 1564 berum
292 1529 359 1564 est
404 1523 538 1564 etiam
583 1523 831 1565 vicecomiti
861 1529 909 1565 vt
949 1537 1028 1579 pro
1061 1522 1186 1565 firma
1223 1523 1379 1566 blanca
1415 1523 1560 1565 soluat

97 1592 338 1633 examinati
370 1592 538 1646 argenti
569 1592 766 1646 pondera
805 1599 850 1634 et
880 1592 941 1633 sic
982 1593 1161 1647 effugiat
1194 1593 1407 1635 iacturam
1439 1606 1557 1634 com·
1577 1606 1618 1628 20

98 1660 324 1702 bustionis.
403 1660 476 1703 Sic
511 1666 660 1702 tamen
690 1667 738 1703 vt
782 1660 901 1703 fusor
930 1661 1044 1715 regis
1085 1662 1240 1703 eadem
1281 1662 1604 1717 suscipiendaE

96 1729 314 1771 decernat.
367 1729 521 1771 Habes
542 1730 675 1784 igitur
696 1731 816 1783 quod
838 1731 997 1784 petisti,
1019 1744 1045 1771 a
1066 1731 1224 1783 quibus
1245 1730 1412 1772 scilicet
1432 1737 1476 1772 et
1498 1731 1556 1773 ob

96 1811 228 1851 quam
250 1811 424 1839 causam
447 1799 649 1840 instituta
668 1798 798 1840 fuerit
819 1799 1105 1841 examinatio.

151 1866 414 1920 Disct‘pzclzcs.
474 1867 617 1908 Video
646 1881 724 1920 per
744 1867 856 1909 hanc
882 1868 939 1909 ad
966 1868 1158 1909 litteram
1184 1867 1412 1920 impletum
1434 1868 1553 1921 quod

94 1935 303 1988 scriptum
325 1941 403 1985 est,
449 1939 458 1957 ‘
477 1935 620 1989 Quale
647 1935 772 1977 fuerit
800 1936 1010 1989 cuiusque
1036 1950 1146 1991 opus
1177 1937 1289 1990 ignis
1322 1936 1552 1990 probabit.²
1573 1947 1611 1980 25

96 2003 184 2046 Sed
207 2004 293 2044 iam
313 2017 426 2045 nunc
447 2004 618 2057 placeat
640 2004 778 2058 ceptis
801 2004 1009 2047 insistere.

152 2072 385 2126 Magister.
446 2073 559 2114 Fiat.
637 2071 920 2127 Consequens
951 2079 1028 2124 est,
1063 2079 1110 2114 vt
1140 2073 1281 2123 credo,
1311 2073 1551 2115 secundum

95 2141 306 2195 disposite
338 2141 519 2183 rationis
550 2142 762 2190 ordinem,
785 2147 832 2183 vt
862 2155 949 2196 que
980 2142 1067 2183 sint
1096 2142 1333 2196 dignitates
1362 2142 1550 2184 residen-

92 2210 203 2251 tium
236 2210 291 2251 ad
323 2211 586 2253 scaccarium
619 2224 677 2252 ex
706 2209 851 2254 officio
883 2211 952 2252 vel
983 2225 1041 2252 ex
1072 2211 1184 2265 regis
1215 2211 1422 2252 mandato
1451 2225 1548 2265 pro-

91 2291 336 2332 sequamur.
1567 2290 1609 2322 30

147 2347 408 2402 Dz'sczpulus.
470 2348 607 2389 Miror
655 2348 762 2390 satis
812 2362 899 2402 qua
948 2347 1292 2390 consideratione
1342 2361 1441 2389 cum
1492 2349 1548 2390 de

90 2416 240 2457 officiis
266 2423 478 2471 ageretur,
501 2417 556 2458 de
585 2417 765 2459 ostiario
787 2417 964 2460 maioris
992 2417 1193 2458 scaccarii
1221 2423 1266 2458 et
1293 2417 1384 2458 eius
1405 2417 1547 2459 officio

89 2484 159 2526 vel
179 2499 237 2526 ex
260 2485 473 2527 industria
495 2486 774 2540 suppressisti
791 2485 871 2537 vel,
888 2485 1120 2527 obliuionis
1138 2485 1293 2527 iniuria
1309 2486 1546 2537 resistente,

89 2554 320 2608 preteristi.

147 2621 379 2675 flffagister.
439 2622 647 2664 Gratulor
670 2629 715 2665 te
741 2636 977 2665 memorem
999 2623 1307 2677 predictorum.
1369 2623 1420 2664 In
1441 2637 1542 2677 pro·
1563 2635 1603 2667 35

88 2689 262 2731 ficiente
297 2690 460 2745 quippe
500 2690 715 2745 discipulo
754 2692 894 2746 gloria
928 2691 1118 2733 doctoris
1153 2698 1232 2734 est.
1291 2692 1421 2733 Nosti
1456 2693 1542 2735 iam

135 2768 157 2803 6
182 2768 240 2802 vel
256 2769 479 2805 examinatio
497 2781 566 2805 om.
583 2771 620 2805 R
745 2781 786 2816 13
811 2770 984 2806 omnibus
1001 2782 1071 2805 om.
1088 2771 1136 2805 N
1258 2780 1301 2814 14
1311 2773 1399 2817 post
1413 2772 1481 2815 vel,
1499 2783 1543 2807 ex

88 2814 259 2850 omnibus
286 2816 520 2852 comitatibus
549 2817 634 2853 add.
667 2818 714 2853 N
900 2827 942 2862 19
966 2817 1079 2853 etiarn
1101 2828 1171 2853 om.
1201 2817 1251 2854 C:
1278 2818 1389 2855 etiam
1417 2825 1474 2856 est
1501 2820 1547 2855 N

89 2871 135 2905 24
152 2861 236 2898 vide
255 2862 290 2897 R
361 2864 405 2898 26
429 2863 461 2899 si
478 2865 624 2910 placeat
641 2865 672 2901 C
