2022 3281
111 184 148 216 11
170 189 202 216 x
224 171 272 231 F]
598 174 685 217 DE
719 174 1081 219 SCACCARIO
1483 186 1563 233 135

109 286 270 328 herede
298 286 372 339 qui
399 286 486 328 iam
514 286 689 329 adultus
717 288 785 339 sit,
808 301 894 330 non
923 288 1161 330 secundum
1191 288 1474 330 constitutam
1506 289 1563 331 de

108 355 191 396 hiis
227 369 445 396 summam
480 356 571 410 regi
610 356 847 399 satisfaciet
881 364 947 399 set
981 358 1219 399 secundum
1256 358 1373 410 quod
1404 371 1431 398 a
1460 371 1562 411 rege

109 424 273 478 poterit
313 424 521 477 optinere.
599 424 731 478 Quod
774 426 809 467 si
852 427 992 467 minor
1031 432 1146 467 etate
1189 425 1318 468 fuerit
1356 425 1482 467 heres
1518 427 1562 467 in

109 493 309 534 custodia
334 493 597 535 constitutus
618 494 877 548 legittimam
902 501 1065 537 etatem
1091 494 1428 549 prestolabitur;
1457 502 1562 537 tunc

108 569 257 603 autem
292 562 360 603 vel
400 564 545 617 gratiS,
582 564 692 605 sicut
732 564 898 605 dictum
934 571 1012 613 est,
1042 564 1109 606 vel
1152 565 1389 606 secundum
1431 563 1560 606 bene·
1581 582 1599 615 5

109 630 319 684 placitum
352 632 478 685 regis,
501 632 613 674 sicut
638 632 813 674 adultus
835 632 1122 675 hereditatem
1150 641 1381 687 paternam
1413 634 1559 675 nanci-

107 706 263 741 scetur.
319 699 365 741 Si
386 714 488 741 vero
510 702 741 743 decesserit
756 702 852 756 quis
873 708 1028 744 tenens
1052 709 1156 743 tunc
1179 704 1234 744 de
1256 715 1357 756 rege
1381 701 1561 744 feodum

108 768 270 818 militis,
294 782 379 810 non
403 769 580 822 quidem
610 771 777 812 ratione
798 784 958 812 corone
985 773 1111 824 regie,
1134 778 1201 813 set
1223 772 1370 825 potius
1395 771 1562 813 ratione

108 837 288 879 baronie
309 838 552 889 cuiuslibet,
573 852 658 892 que
678 839 834 893 quouis
856 853 958 881 casu
981 840 1024 881 in
1048 854 1226 881 manum
1249 840 1361 895 regis
1383 840 1562 894 delapsa

109 914 184 957 est,
207 907 316 948 sicut
338 914 404 948 est
432 908 712 963 episcopatus
735 916 920 950 vacante
947 910 1063 959 sede,
1093 908 1215 950 heres
1243 909 1329 950 iam
1356 908 1560 958 defuncti,
1582 926 1622 949 10

108 977 143 1016 si
174 975 351 1017 adultus
383 983 460 1025 est,
483 990 564 1030 pro
597 977 726 1020 feodo
758 977 906 1019 militis
937 991 972 1020 c.
1003 977 1164 1019 solidos
1196 978 1452 1027 numerabit,
1481 992 1560 1032 pro

108 1044 280 1086 duobus
309 1058 353 1086 x.
380 1046 522 1096 libras,
552 1053 595 1088 et
622 1046 683 1087 ita
708 1046 929 1100 deinceps,
951 1046 1077 1088 iuxta
1104 1060 1332 1087 numerum
1358 1047 1561 1098 militum,

107 1127 217 1166 quos
246 1114 423 1155 domino
450 1115 660 1156 debuerat
688 1120 922 1169 antequam
953 1116 1010 1156 ad
1037 1114 1190 1155 fiscum
1219 1114 1427 1156 deuoluta
1448 1109 1563 1157 foret‘

107 1182 337 1225 hereditas,
398 1183 530 1237 Quod
561 1184 596 1225 si
628 1183 768 1225 minor
797 1185 920 1225 annis
952 1183 1075 1224 heres
1107 1183 1281 1225 relictus
1311 1184 1451 1233 fuerit,
1475 1198 1560 1238 que

108 1253 163 1292 de
198 1251 442 1293 hereditate
477 1252 568 1293 eius
608 1252 882 1306 proueniunt,
923 1252 1090 1293 ratione
1131 1253 1327 1294 custodie
1362 1259 1559 1308 tempore
1581 1268 1620 1301 15

107 1319 331 1373 pupillaris
352 1321 478 1363 etatis
500 1321 605 1363 fisco
622 1322 894 1376 prouenient,
911 1321 1023 1362 sicut
1044 1321 1211 1362 dictum
1232 1327 1311 1362 est.
1363 1322 1560 1363 Relictus

106 1396 253 1430 autem
284 1404 309 1431 a
341 1397 464 1444 patre
495 1391 581 1431 iarn
612 1390 788 1432 adultus
819 1403 899 1445 pro
928 1389 1106 1444 singulis
1137 1389 1277 1430 feodis
1304 1390 1492 1431 militum
1524 1404 1558 1432 c.

106 1458 267 1500 solidos
287 1458 445 1509 soluet‚
469 1458 538 1500 vel
558 1459 691 1500 etiam
720 1459 828 1500 infra
849 1474 858 1508 ;
889 1458 972 1500 hoc
998 1465 1065 1501 est
1092 1458 1116 1499 l.
1144 1458 1308 1500 solidos
1330 1459 1365 1500 si
1391 1459 1559 1501 dimidii

106 1527 254 1569 militis
285 1527 461 1569 feodum
492 1528 731 1582 possederit
763 1534 807 1569 et
837 1528 897 1569 sic
929 1527 1146 1582 deinceps.
1211 1527 1252 1568 N
1259 1541 1306 1569 ec
1347 1534 1391 1569 te
1426 1528 1560 1569 lateat

105 1597 223 1649 quod
263 1597 354 1638 eius
390 1610 520 1651 quem
554 1597 596 1639 in
622 1597 831 1639 >custodia
866 1611 944 1651 per
979 1596 1148 1650 aliquot
1183 1610 1322 1638 annos
1356 1597 1559 1639 habueris
1581 1618 1621 1640 20

105 1672 150 1706 et
185 1667 468 1719 possessionis
499 1666 590 1708 eius
625 1667 825 1715 fructum,
860 1680 958 1708 cum
999 1667 1056 1707 ad
1097 1672 1260 1708 etatem
1295 1665 1560 1720 legittimam

105 1735 365 1787 peruenerit,
387 1735 597 1776 releuium
619 1742 814 1789 repetere
835 1749 922 1777 non
946 1733 1126 1776 valebis.

162 1802 424 1856 Dz'scz‘pnlzcs.
484 1804 534 1844 In
557 1803 638 1845 hac
659 1809 782 1858 parte
800 1817 879 1857 pro
901 1803 1075 1857 pupillis
1095 1802 1170 1844 lex
1192 1803 1356 1845 iudicat
1378 1810 1421 1845 et
1442 1805 1559 1856 quod
1578 1815 1606 1847 F

106 1871 189 1924 piis
213 1871 431 1912 mentibus
452 1872 562 1920 bene
585 1873 719 1919 sedet,
743 1872 946 1913 decernit.

163 1939 394 1993 Magister.
456 1939 527 1982 Sic
548 1946 626 1991 est,
648 1946 714 1981 set
731 1940 786 1981 de
807 1940 1040 1993 propositis
1062 1953 1385 1994 prosequamur.
1447 1940 1559 1981 Item
1580 1956 1619 1989 25

105 2016 170 2050 est
192 2014 236 2050 et
258 2009 432 2050 tertium
456 2022 591 2062 genus
613 2009 910 2051 excidentium
936 2008 1003 2050 vel
1019 2015 1287 2050 escaetarum
1310 2009 1429 2062 quod
1455 2008 1559 2051 fisco

105 2078 305 2131 prouenit
342 2077 431 2119 iure
467 2084 691 2132 perpetuo.
767 2076 879 2118 Cum
913 2076 1066 2131 aliquis
1103 2077 1158 2117 de
1190 2091 1293 2130 rege
1327 2084 1482 2119 tenens
1514 2078 1558 2119 in

105 2147 262 2199 capite,
283 2147 520 2200 perpetrati
546 2145 717 2188 sceleris
740 2146 820 2187 sibi
847 2147 1058 2196 conscius,
1081 2146 1173 2187 siue
1199 2147 1253 2188 sit
1275 2146 1312 2187 ei
1339 2146 1559 2188 obiectum

104 2215 197 2257 siue
227 2229 325 2266 non,
357 2215 514 2257 relictis
545 2221 691 2256 tamen
725 2215 926 2256 omnibus
958 2229 1034 2268 per
1062 2214 1210 2268 fugam
1243 2215 1329 2256 vite
1360 2215 1558 2266 consulit,

105 2284 174 2325 vel
203 2284 237 2325 si
268 2298 398 2338 super
429 2285 583 2326 eodem
615 2284 790 2325 obiecto
821 2284 1046 2324 conuictus
1075 2283 1143 2324 vel
1176 2284 1414 2334 confessus,
1444 2290 1559 2326 terra
1578 2298 1621 2329 30

105 2352 235 2394 simul
276 2360 320 2394 et
360 2353 451 2395 vita
491 2353 706 2394 iudicatur
746 2353 976 2405 indignus;
1028 2353 1186 2401 omnia,
1227 2366 1312 2405 que
1351 2353 1416 2393 sui
1457 2353 1559 2394 iuris

106 2421 288 2470 fuerant,
321 2436 428 2463 mox
464 2422 715 2463 infiscantur
746 2429 789 2463 et
827 2421 1023 2462 redditus
1057 2435 1209 2462 omnes
1245 2435 1390 2462 annuo
1424 2422 1559 2462 immo

106 2497 151 2531 et
171 2495 382 2543 perpetuo
405 2491 494 2531 iure
511 2491 568 2532 ad
584 2490 849 2532 scaccarium
871 2504 897 2531 a
913 2490 1167 2531 vicecomite
1183 2490 1498 2543 persoluuntur,
1514 2498 1558 2532 et

105 2560 225 2612 quod
268 2573 326 2600 ex
366 2559 600 2601 mobilibus
632 2573 782 2601 eorum
816 2559 1003 2600 venditis
1043 2559 1258 2612 prouenit,
1296 2559 1385 2613 regi
1429 2560 1557 2601 cedit.

156 2703 200 2728 10
215 2695 332 2739 prius
349 2700 403 2728 est
421 2705 490 2730 om.
503 2695 551 2729 N
649 2704 689 2739 13
717 2694 886 2729 dominus
907 2694 938 2728 C
1041 2703 1094 2738 13,
1117 2702 1158 2736 14
1182 2692 1276 2728 foret
1294 2693 1478 2729 hereditas
1494 2720 1503 2729 .
1520 2721 1528 2729 .
1548 2720 1556 2729 .

106 2740 254 2776 relictus
272 2752 341 2774 om.
358 2741 405 2774 N
489 2750 530 2784 17
556 2748 680 2777 autem
697 2753 765 2776 om.
783 2743 819 2776 R
909 2741 950 2775 18
968 2741 1084 2786 prius
1101 2740 1239 2775 solidos
1257 2751 1323 2776 om.
1341 2741 1419 2776 NR
1509 2741 1555 2786 si]

107 2795 161 2823 set
178 2788 225 2821 N
339 2796 379 2821 21
407 2787 543 2823 furtum
559 2790 595 2824 R
715 2798 758 2822 22
784 2788 949 2833 peruenit
965 2789 1000 2823 R
1103 2797 1146 2831 ²3
1172 2794 1208 2822 et
1226 2799 1293 2821 om.
1311 2788 1347 2822 R
1450 2789 1495 2824 26
1520 2796 1557 2824 et

106 2832 269 2879 tertium]
290 2833 471 2870 interdum
487 2836 522 2870 R
641 2844 686 2881 29
712 2846 786 2870 non
804 2847 870 2870 om.
890 2836 925 2870 R
1043 2844 1087 2879 34
1113 2834 1190 2880 regi
1208 2834 1305 2871 cedit
1323 2845 1392 2870 om.
1408 2835 1455 2870 N
