2022 3281
435 186 489 229 62
921 184 1010 226 DE
1039 182 1400 226 scACCARIO
1729 177 1766 238 [1
1787 182 1829 223 iii
1850 191 1883 223 A

433 298 547 352 regis
595 298 845 350 vtilitatem,
884 297 1005 339 salua
1054 302 1203 337 tamen
1245 295 1449 348 equitate,
1498 294 1593 349 pari
1642 294 1885 337 intentione

432 368 643 418 deuotas3
665 381 817 408 omnes
833 366 1009 420 quidem
1033 364 1310 405 dominorum
1332 376 1508 405 suorum
1530 363 1777 405 nominibus
1797 377 1884 405 non

431 436 620 490 propriis
642 436 893 487 militantes,
907 433 1105 486 exceptis
1120 432 1291 473 duobus
1307 432 1554 483 dumtaxat,
1568 433 1706 474 milite
1723 431 1885 474 scilicet

432 505 506 558 qui
536 511 682 558 preest
713 502 1000 550 examinibus,
1024 507 1067 542 et
1095 500 1248 541 fusore.
1312 499 1484 541 Horum
1513 501 1627 543 enim
1659 501 1801 543 officia
1832 502 1887 542 de

394 591 412 623 5
433 573 544 626 regis
559 579 731 614 tanturn
748 571 939 625 pendent
960 569 1150 618 arbitrio,
1163 569 1278 610 vnde
1299 569 1437 621 magis
1457 570 1513 610 ad
1536 570 1732 623 superius
1752 583 1885 624 quam

431 642 488 682 ad
511 641 685 681 inferius
706 640 923 693 pertinere
943 638 1158 687 videntur,
1179 637 1288 678 sicut
1311 636 1420 678 infra
1441 638 1617 680 dicetur.

492 710 586 750 Illic
618 715 684 750 est
714 708 896 750 clericus
927 707 1185 749 thesaurarii
1216 720 1315 748 cum
1345 706 1489 760 sigillo
1525 707 1626 748 eius.
1687 707 1802 749 Sunt
1842 714 1886 749 et

432 778 520 818 duo
542 777 699 819 milites
722 776 1070 819 camerariorum,
1129 776 1212 817 Est
1234 781 1278 816 et
1300 774 1424 816 miles
1440 775 1618 829 quidam
1636 777 1710 829 qui
1732 789 1885 829 argen-

431 846 567 888 tarius
608 845 695 888 dici
736 852 882 899 potest
926 845 1030 899 quia
1074 858 1131 886 ex
1172 843 1318 886 officio
1363 851 1546 898 argento
1590 846 1888 886 examinando

376 931 415 955 10
432 920 587 970 preest.
649 915 731 956 Est
767 922 812 956 et
852 915 971 955 fusor
1011 913 1084 967 qui
1125 920 1355 967 argentum
1397 914 1635 955 examinat.
1696 913 1810 955 Sunt
1845 919 1889 954 et

431 990 622 1038 quatuor
649 989 974 1037 computatores
1002 983 1057 1024 ad
1087 983 1403 1023 numerandam
1432 983 1676 1035 pecuniam.
1738 983 1820 1023 Est
1846 989 1889 1024 et

431 1052 667 1094 hostiarius
689 1052 879 1093 thesauri
901 1059 944 1094 et
965 1051 1083 1106 vigil.
1146 1051 1320 1092 Horum
1342 1056 1489 1092 autem
1510 1051 1590 1093 hec
1612 1056 1711 1092 sunt
1733 1050 1888 1092 officia.

434 1121 627 1163 Clericus
663 1121 919 1162 thesaurarii
960 1134 1059 1162 curn
1102 1119 1229 1161 fuerit
1269 1126 1497 1161 numerata
1537 1119 1722 1174 pecunia
1762 1125 1806 1161 et
1847 1120 1889 1161 in

431 1190 595 1232 forulos
626 1190 759 1232 missa
791 1204 869 1244 per
898 1195 1102 1230 centenas
1133 1188 1265 1230 libras
1296 1189 1479 1242 apponit
1509 1188 1699 1243 sigillum
1733 1195 1777 1230 et
1813 1190 1890 1230 de-

375 1274 412 1307 15
433 1267 561 1315 putat
597 1260 759 1313 scripto
794 1264 1006 1312 quantum
1042 1258 1111 1299 vel
1147 1272 1172 1299 a
1209 1272 1297 1311 quo
1331 1257 1400 1300 vel
1443 1258 1500 1299 ob
1541 1270 1673 1311 quarn
1714 1271 1889 1299 causam

433 1328 653 1381 receperit.
715 1328 873 1369 Taleas
904 1341 1077 1381 quoque
1107 1327 1161 1368 de
1192 1326 1344 1368 eadem
1376 1333 1551 1380 recepta
1585 1341 1612 1368 a
1648 1327 1890 1368 camerariis

431 1397 567 1438 factas
596 1396 839 1438 imbreuiat.
898 1395 1001 1436 Non
1028 1395 1172 1436 solum
1200 1401 1346 1436 autem
1375 1394 1558 1448 pecunie
1587 1395 1722 1436 saccis
1747 1395 1823 1436 sed
1845 1401 1889 1436 et

432 1465 574 1507 archis
609 1471 651 1506 et
687 1464 867 1519 singulis
902 1463 1051 1504 forulis
1087 1464 1130 1504 in
1166 1463 1322 1517 quibus
1354 1462 1482 1504 rotuli
1512 1462 1581 1504 vel
1613 1462 1726 1505 talee
1756 1463 1889 1504 collo-

434 1542 586 1576 cantur
608 1534 643 1574 si
667 1534 770 1575 libet
792 1534 972 1588 apponit
994 1532 1183 1587 sigillum
1206 1538 1250 1574 et
1270 1532 1326 1573 ad
1349 1532 1494 1574 omnia
1523 1533 1719 1574 subiecta
1748 1531 1891 1574 officia

377 1606 417 1672 ²ss
435 1604 666 1657 diligenter
686 1603 895 1656 prospicit
917 1609 960 1643 et
981 1602 1038 1643 nil
1061 1616 1160 1643 eum
1183 1601 1302 1643 latet.
1352 1601 1556 1652 Militum,
1581 1602 1657 1655 qui
1680 1607 1723 1642 et
1744 1613 1890 1642 came-

434 1673 534 1713 rarii
549 1672 752 1713 dicuntur
764 1672 867 1725 quia
884 1684 964 1725 pro
980 1670 1223 1713 camerariis
1238 1670 1495 1719 ministrant,
1507 1670 1589 1711 hoc
1606 1675 1672 1711 est
1685 1670 1888 1711 officium.

437 1741 515 1782 Hii
537 1741 680 1783 claues
707 1741 934 1783 archarum
960 1739 1165 1788 baiulant,
1188 1737 1318 1780 arche
1343 1738 1458 1779 enirn
1487 1738 1664 1780 cuilibet
1692 1739 1776 1780 due
1797 1752 1891 1780 sere

434 1817 535 1852 sunt
571 1809 730 1851 diuersi
766 1809 935 1863 generis
954 1823 963 1860 ;
1008 1807 1090 1849 hoc
1127 1814 1193 1848 est
1226 1807 1345 1848 cuius
1376 1808 1517 1849 neutri
1549 1807 1683 1849 clauis
1713 1807 1891 1849 alterius

434 1879 573 1934 possit
607 1878 852 1933 aptari—et
887 1877 946 1918 hii
983 1875 1126 1917 claues
1162 1889 1311 1917 earum
1352 1875 1564 1918 deserunt.
1625 1875 1891 1917 Circumcin-

377 1964 415 1997 25
434 1948 550 2003 gitur
583 1954 731 1989 autem
767 1946 962 2000 quelibet
995 1945 1125 1987 archa
1160 1945 1343 2000 corrigia
1372 1946 1564 1999 quadarn
1601 1945 1812 1986 immobili
1848 1945 1891 1986 in

435 2030 523 2070 qua
553 2017 749 2070 desuper,
781 2015 960 2056 firmatis
993 2014 1108 2062 seris,
1138 2013 1394 2055 thesaurarii
1430 2013 1620 2068 sigillum
1656 2014 1893 2068 apponitur

434 2092 482 2127 vt
514 2085 619 2126 nulli
650 2098 801 2126 eorum
831 2084 913 2125 nisi
945 2084 999 2125 de
1035 2082 1251 2124 communi
1287 2096 1465 2124 assensu
1500 2096 1699 2125 accessus
1729 2088 1892 2137 pateat.

440 2154 552 2196 Item
584 2153 772 2195 officium
802 2152 960 2193 horum
987 2159 1053 2194 est
1081 2158 1351 2193 numeratam
1379 2151 1607 2205 pecuniam
1635 2158 1680 2193 et
1708 2151 1750 2192 in
1778 2152 1894 2192 vasis

435 2222 591 2277 ligneis
620 2237 698 2277 per
724 2229 931 2265 centenos
960 2222 1122 2263 solidos
1150 2221 1436 2275 compositam
1464 2221 1721 2275 ponderare,
1752 2234 1805 2262 ne
1837 2221 1892 2262 sit

378 2307 420 2340 30
438 2305 557 2332 error
590 2292 633 2332 in
669 2304 863 2341 numero,
899 2297 943 2333 et
981 2298 1084 2333 tunc
1119 2292 1299 2332 demum
1332 2290 1375 2330 in
1410 2290 1570 2331 forulos
1607 2290 1780 2331 mittere
1815 2303 1894 2343 per

437 2366 653 2409 centenas,
679 2367 726 2401 vt
754 2360 920 2402 dictum
955 2365 1033 2412 est,
1065 2359 1206 2402 libras.
1269 2358 1401 2412 Quod
1433 2359 1470 2398 si
1500 2372 1576 2399 vas
1611 2357 1790 2411 aliquod
1828 2359 1894 2399 in-

437 2435 614 2470 uentum
643 2435 710 2471 est
746 2429 888 2470 minus
919 2429 1101 2479 habens,
1124 2441 1211 2469 non
1247 2427 1424 2481 quidem
1457 2439 1534 2480 per
1568 2427 1893 2468 estimationem

438 2497 558 2549 quod
597 2497 748 2539 deesse
788 2503 968 2551 putatur
1013 2495 1247 2551 apponitur
1286 2495 1363 2536 sed
1407 2495 1556 2537 statim
1601 2494 1646 2535 in
1687 2508 1893 2536 aceruum

487 2583 507 2617 3
526 2574 716 2610 dumtaxat
733 2586 802 2610 om.
819 2576 866 2610 N
994 2574 1108 2610 milite
1126 2586 1194 2609 om.
1214 2574 1264 2610 C:
1284 2573 1459 2608 militibus
1476 2573 1523 2607 N
1530 2585 1623 2608 corr.
1739 2573 1893 2620 scilicet]

439 2620 628 2656 dumtaxat
656 2623 702 2656 N
824 2632 846 2665 4
871 2629 1019 2668 presunt
1037 2622 1085 2656 N
1102 2632 1196 2656 corr.
1324 2630 1365 2655 12
1384 2623 1471 2665 post
1487 2619 1684 2655 hostiarius
1702 2621 1785 2657 add.
1804 2628 1842 2657 et
1859 2623 1896 2656 R

443 2676 485 2709 14
511 2667 625 2701 missa
649 2670 735 2713 post
756 2668 868 2704 libras
886 2671 1000 2715 ponit
1031 2670 1062 2704 C
1183 2676 1225 2711 19
1253 2667 1406 2719 apponit
1431 2667 1590 2712 sigillum
1615 2667 1646 2702 si
1670 2667 1758 2703 libet
1784 2675 1820 2704 et
1844 2669 1894 2703 ad

441 2713 567 2748 omnia
585 2714 749 2749 subiecta
766 2717 822 2749 R:
852 2723 889 2751 et
912 2716 961 2751 ad
983 2715 1108 2751 omnia
1133 2720 1285 2759 apponlt
1306 2714 1465 2758 sigillum
1489 2713 1518 2749 si
1535 2714 1647 2759 libet;
1675 2715 1844 2751 subiecta
1863 2716 1895 2751 C

441 2769 486 2795 20
494 2762 683 2804 posterius
700 2768 736 2795 et
754 2773 823 2796 om.
840 2763 876 2796 R
961 2771 1076 2807 23—29
1093 2760 1211 2796 neutri
1231 2787 1240 2795 .
1258 2786 1267 2795 .
1285 2787 1293 2795 .
1312 2759 1519 2805 cen[tenos]
1541 2760 1598 2795 Ν3
1681 2770 1723 2806 25
1750 2761 1892 2806 autern]

440 2807 539 2842 enirn
558 2807 604 2840 N
691 2817 736 2851 30
752 2815 789 2843 et
810 2819 879 2843 om.
898 2810 943 2844 N
1042 2818 1083 2853 31
1111 2807 1260 2853 aliquod
1276 2818 1346 2842 om.
1363 2809 1394 2843 C
1493 2817 1537 2853 33
1555 2809 1601 2844 de
1619 2819 1691 2854 quo
1709 2809 1897 2845 dubitatur

439 2858 525 2888 ante
542 2853 700 2899 inponit
711 2855 757 2889 N
