2022 3281
104 194 140 226 11
161 199 194 225 x
217 181 255 240 1]
591 185 677 226 DE
710 184 1072 229 SCACCARIO
1477 199 1557 243 137

104 300 180 341 Ex
211 299 369 353 quibus
400 300 543 341 verbis
575 313 854 353 personarum
885 301 1074 355 quedam
1106 300 1329 343 distinctio
1360 301 1470 342 inter
1498 302 1559 343 516

103 367 406 421 delinquentes
438 368 529 409 fieri
557 383 686 423 posse
711 369 893 421 videtur,
913 375 960 411 vt
991 370 1076 420 alia
1105 370 1159 411 sit
1181 370 1451 420 clericorum,
1473 370 1560 410 alia

103 437 328 485 laicorum,
363 437 576 488 condicio,
612 451 710 478 cum
743 452 871 491 pares
911 439 996 479 sint
1033 439 1076 479 in
1115 439 1287 480 delicto.
1320 436 1463 480 'Item
1500 453 1558 479 ex
1579 446 1613 477 11

103 519 156 547 eo
178 506 298 558 quod
323 507 499 547 additur
521 506 728 560 ‘publicis
756 507 934 548 inseruit
959 505 1120 548 vsuris'
1143 508 1258 549 credi
1284 514 1445 562 potest,
1465 521 1560 548 esse

103 575 317 627 quasdam
355 588 442 616 non
481 575 675 627 publicas
711 576 868 628 quibus
908 576 943 617 si
984 577 1081 629 quis
1121 577 1348 627 adheserit,
1383 590 1438 618 an
1474 576 1559 630 legi
1579 597 1596 629 5

102 643 375 698 publicarum
398 643 622 684 subiaceat
643 657 821 696 prorsus
844 644 1010 697 ignoro.

159 712 394 766 Magister.
456 712 493 753 F
496 719 636 753 rustra
661 712 823 754 credidi
849 712 1053 755 breuibus
1082 721 1125 756 et
1151 715 1456 756 communibus
1477 713 1558 755 tibi

103 781 467 829 satisfaciendum,
490 794 590 822 cum
612 795 669 821 ex
695 781 944 823 huiusmodi
970 783 1243 835 questionem
1269 783 1414 824 elicias
1437 783 1557 824 cuius

101 850 320 892 absolutio
369 851 608 904 peritorum
650 850 863 903 quosdam
908 850 1129 905 hucusque
1173 852 1315 894 latuit.
1388 852 1555 893 Verum

103 920 222 972 quod
243 919 363 969 dicis,
386 924 394 941 ⁶
413 933 470 959 ex
493 918 637 959 verbis
658 919 743 960 tuis
764 919 1016 961 clericorum
1039 927 1083 960 et
1107 920 1317 962 laicorum
1338 921 1398 962 sic
1419 920 1556 961 delin-
1581 939 1622 962 10

103 989 332 1040 quentium
363 988 533 1029 videtur
565 1001 657 1028 esse
688 988 833 1041 dispar
864 989 1071 1038 condicio,
1104 1003 1203 1030 cum
1235 1003 1361 1043 pares
1396 990 1480 1030 sint
1513 989 1557 1029 in

103 1053 288 1108 delicto}
328 1069 416 1097 non
446 1056 656 1109 approbo.
720 1055 842 1097 Sicut
873 1057 988 1097 enim
1020 1057 1063 1097 in
1094 1058 1314 1110 gradibus,
1345 1058 1406 1098 sic
1439 1064 1482 1099 et
1515 1058 1558 1098 in

104 1126 243 1180 culpis
272 1125 493 1172 dissident,
520 1124 646 1164 iuxta
670 1125 849 1165 verbum
876 1125 982 1166 illud
1010 1130 1202 1178 ‘quanto
1227 1127 1388 1180 gradus
1416 1126 1558 1174 altior,

103 1201 228 1236 tanto
250 1207 374 1236 casus
395 1190 592 1245 grauior.’
645 1192 697 1233 In
718 1193 846 1234 bonis
868 1194 1000 1235 etiam
1024 1201 1067 1236 et
1089 1196 1321 1235 meritoriis
1344 1195 1561 1248 operibus,

104 1271 150 1304 vt
181 1263 442 1317 quibusdam
474 1261 614 1301 visum
646 1267 724 1313 est,
756 1262 951 1314 dispares
991 1270 1103 1304 sunt.
1166 1263 1288 1304 Laici
1323 1264 1453 1313 enim,
1484 1264 1561 1317 qui
1583 1282 1622 1315 15

104 1332 196 1374 voti
227 1330 484 1372 necessitate
516 1329 658 1370 minus
689 1335 902 1379 tenentur,
940 1330 1198 1384 ampliorem
1231 1332 1419 1385 gratiam
1460 1345 1561 1385 pro—

105 1400 259 1442 mereri
298 1399 512 1447 videntur,
548 1399 660 1440 sicut
701 1399 745 1439 in
786 1400 1000 1452 peruersis
1031 1401 1202 1442 actibus
1238 1401 1311 1451 hii,
1347 1401 1421 1454 qui
1456 1407 1563 1442 voto

104 1468 324 1523 religionis
358 1467 611 1513 inseruiunt,
643 1468 820 1521 grauius
850 1467 1091 1510 offendunt.
1154 1469 1233 1511 Set
1264 1470 1320 1511 de
1350 1469 1432 1510 hiis
1464 1469 1564 1511 hac-

103 1546 244 1580 tenus.
307 1537 462 1578 Habes
482 1543 632 1578 autem
655 1550 712 1577 ex
734 1537 1071 1590 precedentibus
1091 1539 1206 1579 vnde
1227 1544 1301 1579 tue
1322 1539 1565 1592 questionis

102 1621 204 1661 pars
243 1606 386 1661 prima
425 1604 569 1646 valeat
610 1605 792 1647 absolui.
854 1607 929 1647 Ex
971 1621 1024 1649 eo
1065 1608 1182 1648 enim
1223 1608 1342 1661 quod
1384 1607 1565 1649 clericus
1586 1621 1627 1643 20

103 1676 243 1718 vsuris
294 1675 531 1716 inseruiens
582 1675 807 1728 dignitatis
853 1689 930 1716 sue
979 1676 1258 1730 priuilegium
1308 1676 1565 1725 demeretur,

105 1759 258 1798 parem
288 1744 400 1786 laico
431 1745 491 1784 sic
523 1743 792 1797 delinquenti
823 1757 983 1797 penam
1012 1744 1095 1785 sibi
1127 1751 1357 1794 mercatur,
1389 1752 1446 1795 vt,
1470 1745 1565 1798 ipso

104 1813 310 1855 videlicet
335 1813 389 1853 de
417 1811 560 1853 medio
587 1812 775 1862 sublato,
798 1813 946 1854 omnia
977 1813 1068 1854 eius
1096 1813 1275 1855 mobilia
1306 1813 1410 1855 fisco
1435 1815 1564 1855 debe-

105 1889 246 1924 antur.-
328 1880 534 1922 Ceterum
576 1881 688 1923 sicut
726 1895 753 1922 a
793 1881 1082 1935 prudentibus
1122 1883 1381 1936 accepimus,
1421 1883 1465 1923 in
1505 1884 1565 1924 sic

106 1951 437 2002 delinquentem
490 1948 692 1990 clericum
746 1949 816 1990 vel
865 1949 1025 1991 laicum
1086 1949 1394 2001 Christianum,
1447 1952 1564 2005 regia
1584 1966 1624 1999 25

105 2026 305 2075 potestas
323 2019 541 2059 actionem
560 2031 645 2058 non
661 2017 806 2066 habet,
824 2019 929 2059 dum
945 2020 1033 2060 vita
1050 2033 1197 2060 comes
1210 2019 1349 2070 fuerit,
1367 2028 1563 2073 superest
1583 2028 1601 2059 1

107 2090 223 2130 enim
265 2086 503 2140 penitentie
538 2092 742 2139 tempu53
785 2093 851 2127 set
893 2088 1031 2140 magis
1072 2088 1365 2129 ecclesiastico
1406 2090 1563 2131 iudicio

106 2163 350 2200 reseruatur
378 2168 458 2208 pro
487 2155 551 2195 sui
580 2160 720 2196 status
750 2155 963 2208 qualitate
984 2157 1383 2210 condempnandus.
1447 2156 1561 2199 Cum

106 2233 257 2268 autem
299 2224 376 2264 sati
420 2237 576 2264 munus
624 2223 881 2277 expleuerit,
921 2238 1000 2265 sua
1046 2225 1206 2276 omnia,
1249 2225 1429 2266 ecclesia
1473 2240 1562 2268 non

106 2295 383 2340 reclamante,
411 2293 502 2346 regi
529 2292 701 2342 cedunt,
724 2292 818 2343 nisi,
847 2292 959 2334 sicut
987 2293 1154 2334 dictum
1181 2300 1260 2344 est,
1282 2295 1373 2335 vita
1401 2295 1562 2336 comite
1582 2316 1623 2347 30

106 2365 240 2418 digne
272 2362 505 2417 penituerit
530 2368 586 2411 et,
618 2366 887 2403 testamento
920 2362 1107 2410 condito,
1133 2376 1218 2416 que
1244 2363 1389 2417 legare
1416 2364 1562 2405 decre-

106 2434 230 2481 uerit,
272 2447 297 2474 a
338 2446 384 2472 se
432 2444 607 2485 prorsus
651 2429 913 2472 alienauerit.
975 2430 1133 2472 Restat
1174 2431 1321 2485 itaque
1365 2439 1412 2473 vt
1453 2446 1563 2485 quas

107 2499 352 2555 ‘publicas’
385 2500 582 2540 dicamus
616 2497 817 2540 ‘vsuras’
851 2505 895 2540 et
926 2512 1035 2552 quas
1065 2501 1177 2541 ‘non
1214 2499 1438 2553 publicas'
1481 2515 1560 2542 ex-

107 2569 350 2624 pediamus,
384 2569 556 2619 deinde,
591 2568 627 2609 si
663 2568 755 2621 pari
790 2566 886 2622 lege
926 2574 1155 2610 teneantur
1189 2569 1262 2622 qui
1294 2569 1337 2609 in
1367 2570 1562 2623 Vtrisque

158 2681 173 2705 1
195 2672 284 2714 post
300 2669 490 2704 distinctio
508 2669 591 2704 add.
611 2669 709 2714 quod
726 2670 762 2703 R
871 2668 940 2713 sic]
959 2681 998 2704 se
1018 2669 1050 2704 C
1163 2679 1182 2704 2
1209 2669 1367 2715 videtur]
1385 2670 1510 2706 videre
1527 2672 1563 2706 R

109 2728 130 2762 3
157 2716 208 2761 in]
228 2727 312 2751 curn
330 2717 364 2750 R
447 2717 469 2751 6
493 2716 684 2751 subiacent
701 2716 749 2750 N
826 2716 846 2750 8
864 2716 976 2750 eicias
998 2718 1028 2751 C
1110 2726 1148 2751 11
1169 2716 1296 2762 dispar
1313 2729 1381 2751 om.
1398 2719 1434 2753 R
1521 2727 1561 2762 13

108 2763 262 2811 quanto]
277 2769 414 2808 quanta
426 2764 503 2797 NR
577 2773 618 2806 14
636 2770 671 2798 et
686 2774 755 2798 om.
768 2762 815 2797 N
879 2762 1076 2798 meritoriis
1090 2775 1157 2798 om.
1176 2765 1207 2798 C
1275 2773 1320 2798 20
1337 2765 1435 2799 enim
1449 2777 1516 2800 om.
1533 2765 1566 2800 C

109 2822 154 2847 22
174 2810 241 2854 sic]
262 2821 327 2845 suo
345 2811 380 2844 R
451 2816 635 2845 mereatur
651 2810 698 2845 N
764 2819 808 2852 24
827 2808 934 2854 sieut]
954 2810 1007 2844 sic
1021 2811 1068 2844 N
1133 2810 1169 2845 in
1188 2822 1256 2845 om.
1271 2812 1306 2846 R
1377 2813 1422 2847 26
1439 2810 1563 2857 fuerit]

109 2859 202 2893 fiunt
213 2859 248 2892 R
320 2866 363 2901 27
381 2863 526 2904 tempus
539 2868 606 2892 om.
621 2858 652 2892 C
721 2866 740 2901 3
745 2866 764 2901 3
775 2858 965 2901 posterius
974 2857 1140 2903 publicas
1153 2869 1220 2893 om.
1232 2859 1267 2893 R
1339 2867 1383 2903 34
1401 2859 1437 2894 in
1448 2871 1517 2894 om.
1528 2860 1564 2894 R

166 2940 206 2958 m:
218 2939 310 2958 SCACC.
824 2924 854 2955 Τ
