2022 3281
232 2371 246 2397 Ι

401 195 486 225 110
888 183 975 224 DE
1008 179 1370 225 SCACCARIO
1518 177 1670 240 [CAPP.
1694 190 1787 223 LIB.
1811 187 1849 224 11

456 297 539 339 III.
572 297 642 338 De
663 296 842 351 agendis
862 293 1127 336 vicecomitis
1149 293 1454 347 multipliciter.

456 366 533 408 IV.
566 365 736 420 Quibus
777 365 833 405 de
872 362 1012 404 causis
1052 362 1248 403 absentia
1285 362 1548 405 vicecomitis
1587 362 1731 404 valeat
1772 376 1849 404 ex-

396 434 547 476 cusari.

454 502 507 543 V.
541 502 661 556 Quid
702 501 758 542 sit
802 498 1017 553 quosdam
1062 497 1220 540 fundos
1260 499 1353 541 dari
1399 498 1592 548 blancos,
1632 500 1849 553 quosdam

361 578 380 612 5
401 584 593 612 numero.

454 638 534 680 VI.
567 637 666 691 Que
688 637 776 677 sint
805 635 1051 677 vicecomiti
1083 636 1391 688 computanda,
1411 635 1645 678 elemosine
1675 637 1849 687 scilicet,

398 706 577 754 decime,
600 705 877 746 liberationes
898 704 1121 757 Vtriusque
1141 703 1323 758 generis,
1344 710 1388 744 et
1408 709 1520 745 terre
1542 704 1656 746 date.

454 774 560 815 VII.
594 772 693 826 Que
721 773 806 814 sint
833 787 910 827 per
941 772 1080 814 solam
1109 772 1469 813 consuetudinem
1505 772 1708 814 scaccarii
1737 772 1850 814 vice·

396 842 545 884 comiti
567 842 876 895 computanda,
900 841 983 881 hoc
1005 847 1070 882 est
1092 841 1184 882 sine
1204 841 1339 882 breui.

339 923 379 948 10
454 911 582 953 VIII.
615 909 718 963 Quo
751 910 903 952 ordine
939 910 1238 963 computanda
1271 915 1371 951 sunt
1406 909 1650 951 vicecomiti
1686 923 1771 963 que
1807 909 1851 950 in

395 979 600 1033 operibus
631 978 760 1020 missa
789 984 892 1020 sunt
916 991 994 1032 per
1023 979 1157 1020 breue
1187 978 1298 1033 regis
1330 991 1560 1019 numerum
1592 991 1679 1018 non
1709 978 1852 1019 deter-

395 1049 578 1090 minans.

455 1118 540 1160 IX.
573 1117 707 1172 Quod
735 1130 823 1159 non
852 1115 1094 1158 absoluitur
1121 1115 1217 1170 quis
1245 1129 1271 1158 a
1300 1116 1450 1158 debito
1477 1129 1555 1170 per
1580 1116 1713 1157 breue
1738 1115 1851 1171 regis

397 1200 626 1228 numerum
648 1200 734 1228 non
754 1186 922 1227 habens
945 1185 1025 1227 etsi
1048 1199 1223 1227 causam
1245 1186 1519 1227 determinet.

338 1266 376 1299 15
455 1256 512 1296 X.
544 1255 614 1296 De
642 1254 945 1296 excidentibus
973 1261 1016 1296 et
1045 1254 1269 1308 occupatis
1297 1255 1417 1308 quod
1444 1253 1642 1296 vsitatius
1663 1253 1850 1295 dicimus

399 1326 454 1366 de
476 1323 768 1377 purpresturis
791 1328 834 1364 et
855 1322 1045 1365 escaetis.

454 1391 538 1432 XI.
571 1392 640 1433 De
671 1404 802 1433 censu
832 1404 1060 1432 nemorum
1096 1390 1283 1444 qualiter
1319 1391 1374 1433 de
1413 1390 1496 1432 hiis
1527 1390 1721 1445 compoti
1758 1390 1849 1432 fieri

396 1460 602 1502 debeant.

454 1529 559 1571 XII.
593 1530 662 1570 De
698 1528 867 1582 placitis
898 1534 942 1570 et
972 1527 1334 1570 conuentionibus
1366 1541 1455 1582 quo
1488 1527 1638 1570 ordine
1674 1529 1728 1570 de
1765 1528 1846 1570 hiis

339 1624 379 1646 20
398 1599 591 1652 compoti
613 1598 720 1640 fiant
740 1611 839 1639 cum
862 1604 1018 1639 exacta
1038 1597 1283 1639 soluuntur.

453 1667 590 1709 XIII.
623 1667 694 1708 De
734 1667 1014 1708 distinctione
1053 1679 1335 1719 personarum
1376 1679 1462 1719 que
1508 1665 1720 1707 soluendo
1761 1679 1849 1707 non

395 1742 508 1785 sunt,
530 1736 585 1777 de
606 1735 764 1789 quibus
786 1750 812 1777 a
831 1735 1084 1776 vicecomite
1105 1734 1213 1776 fides
1234 1734 1416 1777 offertur
1433 1741 1476 1777 et
1498 1736 1579 1776 sub
1595 1748 1683 1789 quo
1699 1741 1850 1776 tenore

395 1805 627 1846 verborum
649 1805 787 1846 detur.

453 1874 578 1915 XIV.
609 1873 708 1927 Que
732 1871 889 1914 catalla
914 1872 1162 1917 debitorum
1181 1872 1409 1914 vendenda
1429 1872 1514 1914 sint
1538 1886 1637 1914 cum
1658 1872 1739 1926 ipsi
1762 1885 1848 1913 non

338 1966 352 1988 2
358 1967 375 1998 5
397 1943 572 1984 soluunt
593 1949 636 1983 et
657 1942 752 1996 quis
773 1942 815 1982 in
837 1942 1076 1983 vendendis
1099 1942 1208 1983 ordo
1229 1941 1284 1982 sit
1306 1941 1618 1983 obseruandus.

453 2011 555 2053 XV.
587 2011 718 2065 Quod
749 2011 988 2052 vicecomes
1018 2025 1044 2052 a
1075 2009 1345 2051 debitoribus
1376 2011 1586 2052 debitoris
1617 2009 1742 2061 illius,
1774 2010 1849 2063 qui

395 2080 487 2133 regi
510 2093 597 2121 non
619 2078 761 2130 soluit,
783 2079 978 2120 debitam
1003 2079 1092 2132 regi
1113 2091 1330 2119 summam
1352 2078 1471 2132 prius
1492 2078 1714 2132 suscipiat.

453 2149 582 2190 XVI.
617 2148 748 2202 Quod
770 2148 1022 2198 vicecomes,
1038 2163 1064 2190 a
1085 2148 1228 2190 fundis
1250 2147 1340 2189 eius
1361 2148 1436 2201 qui
1458 2161 1545 2189 non
1566 2147 1708 2197 soluit,
1730 2147 1849 2200 quod

396 2218 624 2271 requiritur
654 2217 862 2272 percipiat
898 2218 1031 2259 etiam
1068 2217 1106 2259 si
1144 2217 1322 2258 eosdem
1355 2230 1413 2258 ex
1452 2230 1540 2270 quo
1582 2216 1672 2270 regi
1713 2216 1850 2258 teneri

336 2308 378 2339 50
398 2287 558 2341 ceperit
579 2287 913 2341 quomodolibet
934 2285 1200 2327 alienauerit.

454 2355 606 2397 XVII.
639 2355 770 2409 Quod
794 2369 880 2396 non
900 2355 1003 2396 licet
1032 2353 1273 2395 vicecomiti
1295 2353 1491 2395 debitam
1516 2352 1597 2394 sibi
1618 2352 1848 2406 pecuniam

396 2437 423 2465 a
452 2438 539 2466 non
570 2425 840 2467 soluentibus
871 2424 1090 2477 suscipere
1125 2429 1170 2465 et
1206 2422 1310 2476 quid
1337 2422 1392 2463 sit
1422 2421 1642 2475 agendum
1673 2422 1709 2462 si
1738 2420 1849 2463 forte

396 2494 647 2548 susceperit.

445 2611 468 2646 6
493 2611 741 2656 computanda
757 2610 962 2647 elemosina
977 2611 1039 2645 N:
1067 2608 1316 2654 computando
1333 2606 1535 2643 elemosina
1552 2607 1588 2642 R
1644 2608 1665 2642 8
1692 2606 1782 2652 sint]
1803 2607 1850 2642 sit

396 2657 443 2692 N
562 2668 600 2693 11
629 2670 782 2694 numero
800 2659 877 2693 NR
990 2667 1030 2701 13
1056 2668 1079 2691 a
1096 2654 1239 2700 debito]
1258 2661 1381 2690 autem
1399 2654 1509 2689 debet
1525 2655 1573 2689 N
1696 2655 1799 2689 breui
1816 2655 1851 2689 R

401 2713 444 2747 14
468 2704 610 2738 habens
643 2705 811 2739 Madox:
837 2705 998 2740 habente
1025 2704 1118 2739 CN:
1146 2703 1290 2738 h’autar
1317 2702 1354 2736 R
1386 2702 1553 2746 apicibus
1585 2712 1627 2736 ar
1658 2702 1852 2746 expunctis·

398 2750 544 2785 etiamsi
562 2751 638 2785 NR
732 2761 772 2787 21
802 2751 1048 2787 destinatione
1061 2751 1097 2784 R
1191 2758 1234 2784 22
1252 2747 1289 2794 a]
1310 2754 1437 2783 autem
1455 2748 1502 2781 N
1590 2757 1634 2791 24
1652 2748 1802 2783 castella
1815 2748 1851 2781 R

400 2795 596 2880 28'sgluit]
616 2798 734 2833 solum
754 2799 819 2834 CR
961 2807 1006 2842 29
1024 2795 1071 2842 si]
1090 2808 1129 2832 se
1145 2796 1182 2831 R
1315 2804 1361 2840 30
1385 2794 1482 2841 cepit
1499 2795 1545 2830 N
1673 2804 1718 2840 32
1744 2793 1848 2840 quid]

398 2855 462 2890 qui
