2022 3281
87 167 106 199 1
126 172 153 200 v
175 156 218 213 s]
570 157 656 198 DE
690 155 1051 200 SCAccARIO
1488 166 1540 210 79

87 284 201 325 sicut
240 282 536 336 supradictum
577 289 654 333 est,
694 289 738 324 et
778 283 1023 324 cauendum
1065 288 1130 324 est
1169 281 1251 336 ipsi
1294 295 1349 323 ne
1388 280 1457 322 vel
1499 281 1543 322 in

86 365 267 393 numero
287 351 354 393 vel
382 352 425 392 in
451 365 582 393 causa
603 351 670 393 vel
700 352 744 392 in
773 366 954 406 persona
982 351 1037 393 sit
1065 364 1193 400 error,
1215 364 1271 392 ne
1291 350 1544 391 absoluatur

86 421 162 475 qui
201 420 376 473 quietus
416 434 503 461 non
544 427 622 471 est,
657 420 725 462 vel
766 434 910 461 rursus
950 420 1231 461 conueniatur
1271 420 1344 473 qui
1387 419 1543 460 meruit

86 489 269 531 absolui.
330 489 475 530 Tanta
504 503 692 542 namque
720 488 848 530 rotuli
877 489 968 530 eius
996 490 1233 531 auctoritas
1264 496 1330 530 est
1360 494 1407 529 vt
1438 488 1543 528 nulli

87 558 215 600 liceat
243 558 281 598 ei
310 558 605 599 contradicere
630 558 696 599 vel
721 565 901 607 mutare,
923 558 1004 598 nisi
1032 557 1144 599 forte
1167 565 1259 599 tam
1288 556 1543 598 manifestus
1563 563 1580 594 5

87 641 203 668 error
232 626 359 667 suerit
380 633 427 667 vt
454 626 658 668 omnibus
687 632 847 680 pateat.
909 627 1067 680 Neque
1094 632 1197 668 tunc
1226 625 1308 667 nisi
1339 628 1394 667 de
1424 639 1542 667 com-

87 697 207 737 muni
252 695 435 737 consilio
483 696 680 737 omnium
724 696 937 737 baronum
986 696 1143 737 mutari
1184 696 1315 736 debet
1357 702 1400 736 et
1440 694 1544 748 ipsis

87 765 363 819 presentibus
384 778 482 807 cum
503 765 644 806 adhuc
666 764 830 806 scilicet
851 765 1114 806 scaccarium
1142 764 1256 805 illius
1282 770 1543 818 perseuerat.

89 833 361 886 Scripturam
394 847 498 874 vero
534 832 661 874 rotuli
702 833 909 886 preterito
945 846 1060 873 anno
1097 832 1270 882 factam,
1300 832 1368 873 vel
1409 832 1541 872 etiam

87 902 215 942 huius
246 902 343 942 anni
374 901 568 942 extantis
599 906 699 954 post
724 901 916 942 solutum
941 902 1214 951 scaccarium,
1242 902 1347 942 nulli
1377 907 1544 941 mutare
1565 910 1604 932 10

89 971 190 1012 licet
212 971 294 1011 nisi
316 970 420 1023 regi,
442 969 511 1010 cui
532 984 662 1024 super
682 970 764 1011 hiis
782 970 912 1011 licent
933 984 1192 1023 quecunque
1220 970 1369 1012 libent.
1431 970 1544 1011 Item

88 1040 145 1080 ad
166 1053 264 1080 eum
290 1045 460 1091 spectat
480 1044 527 1079 vt
555 1039 611 1080 ad
639 1039 786 1079 omnia
814 1052 973 1091 magna
997 1040 1172 1093 negotia
1194 1052 1293 1081 cum
1316 1039 1545 1093 superiori-

87 1108 170 1150 bus
190 1114 436 1149 assumatur
457 1113 500 1147 et
521 1107 650 1148 nichil
673 1121 771 1148 eum
794 1107 943 1148 lateat.

147 1176 379 1230 Scriptoris
424 1176 498 1229 qui
542 1176 770 1228 proximus
817 1182 884 1216 est
931 1175 1200 1217 thesaurario
1243 1175 1435 1217 officium
1481 1182 1546 1217 est

89 1259 319 1300 preparare
339 1244 505 1286 rotulos
527 1245 581 1285 ad
604 1245 864 1299 scripturam
887 1258 945 1285 ex
967 1244 1155 1298 pellibus
1176 1244 1315 1286 ouinis
1342 1258 1427 1285 non
1453 1245 1545 1285 sine
1567 1253 1606 1283 15

88 1328 230 1355 causa.
272 1314 529 1368 Longitudo
545 1320 691 1354 autem
710 1327 860 1355 eorum
879 1320 945 1355 est
962 1320 1129 1367 quanta
1145 1314 1283 1367 surgit
1301 1328 1358 1353 ex
1376 1314 1546 1355 duabus

89 1383 362 1433 membranis,
385 1397 472 1424 non
493 1389 641 1424 tamen
663 1383 931 1436 quibuslibet
952 1389 1020 1424 set
1042 1383 1227 1436 magnis,
1249 1383 1305 1423 ad
1328 1382 1412 1424 hoc
1435 1396 1546 1436 opus

87 1466 145 1494 ex
176 1452 387 1493 industria
417 1453 672 1506 procuratis,
703 1452 890 1493 latitudo
920 1466 1023 1494 vero
1054 1451 1187 1506 paulo
1217 1451 1316 1506 plus
1347 1466 1431 1492 vna
1467 1466 1545 1493 ex·
1565 1459 1586 1491 S

87 1536 223 1576 pansa
257 1528 300 1562 et
332 1522 475 1562 semis.
537 1521 768 1575 Regulatis
800 1522 935 1576 igitur
968 1521 1121 1563 rotulis
1157 1535 1183 1562 a
1223 1535 1396 1562 summo
1437 1535 1547 1574 pene

86 1605 223 1644 vsque
258 1592 460 1632 deorsum
498 1597 541 1631 et
577 1604 635 1631 ex
669 1597 851 1645 vtraque
885 1597 1007 1645 parte
1043 1591 1167 1631 lineis
1204 1604 1230 1631 a
1263 1605 1309 1632 se
1345 1592 1548 1632 decenter
1567 1608 1608 1630 20

87 1660 364 1711 distantibus,
381 1665 666 1712 prenotantur
682 1660 724 1700 in
741 1674 914 1701 summo
932 1659 1062 1701 rotuli
1083 1660 1315 1701 comitatus
1338 1666 1381 1701 et
1402 1659 1547 1700 baillie

88 1730 144 1770 de
179 1729 335 1781 quibus
371 1728 482 1769 infra
518 1735 751 1782 compotus
787 1729 995 1770 redditur.
1058 1729 1196 1770 Facto
1230 1742 1334 1770 vero
1372 1730 1548 1770 modico

87 1796 318 1838 interuallo
340 1797 463 1851 quasi
485 1797 615 1838 trium
637 1797 704 1838 vel
727 1803 914 1851 quatuor
935 1797 1170 1850 digitorum
1199 1798 1477 1851 prescribitur
1503 1797 1547 1838 in

88 1867 231 1906 medio
260 1865 372 1907 linee
401 1880 561 1907 nomen
589 1867 824 1908 comitatus
853 1867 907 1907 de
929 1879 1017 1919 quo
1045 1866 1188 1919 primo
1210 1866 1308 1907 loco
1330 1866 1546 1919 agendum

88 1942 166 1976 est.
228 1935 400 1976 Deinde
435 1935 479 1975 in
514 1935 657 1989 capite
689 1936 910 1988 sequentis
946 1935 1058 1976 linee
1090 1948 1251 1975 nomen
1283 1935 1547 1975 vicecomitis
1568 1951 1606 1982 25

88 2004 349 2058 depingitur,
371 2005 664 2057 subsequente
694 2004 778 2045 hoc
807 2011 959 2045 tenore
983 2004 1215 2044 verborum
1245 2002 1349 2043 ‘Ille
1374 2003 1443 2043 vel
1474 2003 1546 2044 ille

87 2074 329 2115 vicecomes
358 2073 499 2114 reddit
526 2080 783 2126 compotum
813 2073 869 2114 de
896 2072 1021 2113 firma
1049 2072 1161 2112 illius
1181 2071 1249 2113 vel
1275 2071 1389 2113 illius
1411 2073 1545 2113 comi-

87 2142 235 2183 tatus.'
307 2141 480 2182 Deinde
516 2141 647 2195 paulo
682 2148 784 2194 post
819 2142 862 2182 in
898 2142 1052 2182 eadem
1086 2140 1201 2181 linea
1236 2140 1435 2182 scribitur
1467 2141 1546 2181 ‘In

90 2209 325 2252 thesauro'
356 2223 435 2250 nec
466 2210 704 2265 apponitur
732 2210 850 2251 aliud
883 2210 963 2251 nisi
1000 2216 1307 2251 consummato
1339 2216 1547 2263 compoto

88 2286 269 2334 propter
288 2287 516 2332 vrgentem
543 2293 718 2321 causam
741 2293 826 2332 que
847 2279 890 2319 in
911 2279 1090 2332 agendis
1117 2278 1385 2320 vicecomitis
1408 2279 1546 2319 mani·
1568 2294 1610 2325 30

88 2348 200 2390 festa
228 2355 305 2390 est.
367 2348 540 2390 Deinde
567 2348 611 2389 in
640 2348 783 2401 capite
811 2348 1032 2401 sequentis
1057 2347 1171 2388 linee
1191 2347 1296 2401 quid
1319 2348 1361 2388 in
1385 2347 1546 2388 elemo-

89 2418 183 2457 sina
219 2423 262 2458 et
298 2417 480 2458 decimis
515 2417 776 2467 constitutis,
810 2417 915 2470 quid
952 2416 1084 2457 etiarn
1121 2416 1164 2456 in
1200 2416 1456 2457 liberatione
1491 2417 1547 2457 de

88 2486 214 2527 firma
260 2487 496 2527 comitatus
543 2486 831 2540 expendatur,
879 2485 1152 2539 exprimitur.
1232 2485 1338 2526 Post
1379 2484 1459 2527 hec
1503 2486 1547 2527 in

90 2555 232 2608 capite
272 2555 383 2595 linee
419 2553 630 2596 inferioris
670 2554 714 2595 in
755 2555 877 2596 terris
918 2555 1031 2596 datis
1070 2559 1335 2596 annotantur
1369 2569 1420 2596 ea
1460 2568 1546 2608 que

140 2692 155 2718 1
184 2693 231 2717 ne
249 2694 316 2717 om.
335 2684 380 2718 N
481 2684 539 2719 vel
557 2695 626 2719 om.
649 2684 680 2719 C
785 2694 804 2728 3
831 2682 978 2727 meruit]
999 2684 1141 2719 iaerunt
1159 2684 1195 2718 R
1289 2684 1311 2719 6
1336 2683 1406 2719 nisi
1425 2695 1493 2718 om.
1517 2685 1549 2719 C

92 2739 131 2765 11
160 2729 230 2764 nisi
249 2741 317 2763 om.
336 2731 371 2764 R
474 2731 681 2776 quicunque
697 2732 733 2765 R
840 2731 881 2765 16
908 2737 1032 2765 autem
1050 2743 1118 2765 om.
1135 2731 1182 2765 N
1280 2743 1406 2766 eorum
1427 2743 1496 2766 om.
1519 2732 1550 2766 C

93 2785 134 2819 17
161 2775 398 2821 quibuslibet]
418 2778 570 2822 quilibet
591 2779 621 2813 C
683 2788 722 2812 21
745 2776 1000 2823 prenotantur]
1018 2784 1256 2814 numerantur
1272 2779 1319 2812 N
1377 2788 1420 2824 23
1439 2778 1545 2824 quasi

90 2821 216 2868 trium]
237 2823 420 2869 quesitum
437 2825 486 2859 N
573 2826 615 2861 28
625 2826 740 2870 prius
765 2824 800 2859 in
819 2837 887 2860 om.
904 2825 941 2859 R
