2022 3281
431 176 485 218 92
915 163 1002 205 DE
1035 161 1396 206 SCACCARIO
1710 163 1748 218 [ι
1768 164 1825 205 vii
1849 172 1878 205 E

432 279 595 320 dictum
627 276 850 319 ostiarium
881 275 1180 317 liberationem
1211 273 1434 328 percipere
1463 288 1563 316 cum
1594 275 1688 317 aliis
1720 276 1880 318 officia-

431 346 560 395 libus,
592 353 636 388 et
667 346 766 387 ideo
803 345 957 386 merito
988 341 1169 396 requiris
1200 342 1307 396 quid
1342 342 1398 384 sit
1432 343 1524 385 eius
1554 344 1756 386 officium.
1800 344 1883 386 Est

433 421 577 456 autem
609 412 870 455 huiusmodi.

494 479 667 522 Ostium
693 480 849 520 domus
876 476 992 518 illius
1020 476 1064 516 in
1093 489 1180 530 qua
1207 476 1467 518 scaccarium
1492 477 1653 519 residet
1684 478 1882 519 ostiarius

396 561 413 593 5
435 548 508 590 ille
536 548 655 589 solus
676 547 767 588 sine
789 552 988 587 consorte
1013 544 1217 598 custodit,
1242 545 1323 586 nisi
1345 558 1445 586 cum
1473 546 1529 587 de
1555 547 1687 588 domo
1711 547 1884 602 propria

436 617 673 657 seruientes
705 615 885 655 assumit
917 614 960 654 in
991 627 1100 655 onus
1140 613 1269 654 officii
1299 614 1375 655 sui.
1436 614 1756 657 Nichilominus
1787 629 1882 657 cus·

438 685 551 726 todit
588 684 705 724 idern
739 683 900 725 ostium
936 681 1118 724 thalami
1149 687 1413 724 secretorum
1444 683 1519 736 qui
1549 682 1784 725 collocatus
1821 689 1886 725 est

436 753 561 794 iuxta
601 753 781 793 domum
821 751 895 792 vbi
935 751 1199 793 scaccarium
1240 758 1319 794 est.
1396 750 1474 792 Ad
1514 751 1628 793 hunc
1678 753 1887 794 accedunt

389 831 416 862 F
437 821 621 862 barones
657 833 756 861 cum
790 820 1050 874 proponitur
1086 820 1147 862 eis
1177 821 1359 862 verbum
1391 820 1646 874 ambiguum
1683 820 1738 861 ad
1772 833 1887 862 scac—

376 908 414 931 10

378 1251 416 1284 15

436 889 599 931 carium
630 889 684 930 de
713 903 801 942 quo
833 887 1002 930 malunt
1031 902 1226 931 seorsum
1255 895 1443 931 tractare
1474 902 1606 942 quam
1638 889 1682 929 in
1713 888 1888 930 auribus

439 959 650 1000 omnium.
712 957 912 998 Maxime
932 964 1079 999 autem
1107 964 1286 1013 propter
1305 958 1388 1000 hoc
1408 958 1451 999 in
1479 964 1649 1011 partem
1670 958 1890 1008 secedunt,

439 1041 494 1069 ne
525 1027 720 1081 compoti
750 1027 824 1080 qui
855 1027 912 1068 ad
944 1028 1206 1069 scaccarium
1238 1027 1349 1069 fiunt
1379 1028 1703 1082 impediantur;
1733 1027 1890 1080 quibus

443 1109 610 1138 moram
645 1095 901 1137 facientibus
940 1095 983 1136 in
1028 1096 1219 1137 consiliis
1249 1103 1482 1138 consuetus
1523 1109 1672 1138 cursus
1713 1109 1891 1148 compo-

439 1171 582 1207 torum
599 1164 754 1219 agitur.
814 1163 863 1206 Si
879 1164 985 1218 quid
1001 1178 1103 1206 vero
1117 1172 1268 1207 natum
1287 1165 1415 1209 suerit
1431 1166 1668 1220 questionis
1684 1164 1891 1206 referetur

439 1234 496 1275 ad
517 1247 604 1275 eos.
667 1234 875 1274 Liberum
904 1233 1036 1274 etiam
1063 1241 1128 1276 est
1156 1235 1334 1277 ostiario
1362 1242 1407 1276 vt
1435 1235 1700 1289 quibuslibet
1732 1246 1892 1288 magne

439 1303 712 1344 auctoritatis
737 1302 839 1344 viris
867 1303 923 1344 ad
950 1302 1034 1344 hoc
1061 1317 1170 1357 opus
1198 1317 1285 1345 non
1313 1304 1562 1346 necessariis
1589 1303 1768 1357 impune
1797 1316 1891 1356 pre-

437 1371 589 1414 cludat
619 1371 788 1413 aditum
819 1384 918 1412 cum
950 1371 1162 1422 voluerit3
1204 1372 1306 1413 solis
1337 1386 1438 1414 vero
1469 1372 1550 1413 hiis
1586 1372 1659 1426 qui
1685 1373 1741 1413 ad
1774 1384 1890 1413 scac-

445 1442 610 1483 carium
633 1454 690 1480 ex
711 1440 854 1481 officio
874 1439 943 1481 vel
964 1454 1022 1481 ex
1043 1441 1155 1493 regis
1176 1441 1382 1482 mandato
1403 1441 1602 1493 resident,
1623 1440 1892 1482 voluntarius

443 1515 570 1564 patet
587 1510 805 1562 ingressus
820 1509 862 1549 in
877 1514 1109 1562 utrumque
1126 1509 1379 1551 thalamum.
1449 1509 1581 1563 Quod
1599 1509 1634 1551 si
1650 1509 1893 1551 auctentice

380 1600 394 1622 2
446 1586 545 1620 sunt
573 1591 767 1632 persone,
789 1592 898 1631 quas
927 1578 1201 1631 singulariter
1231 1579 1428 1620 incedere
1459 1592 1547 1621 non
1578 1585 1643 1620 est
1675 1578 1893 1628 idoneum,

439 1662 578 1689 vnum
600 1647 668 1688 vel
688 1649 798 1689 duos
827 1647 1098 1689 introducere
1123 1654 1328 1701 poterunt
1349 1648 1392 1688 in
1420 1647 1681 1689 exteriorem
1710 1647 1893 1688 domum

441 1717 666 1766 scaccarii3
707 1717 781 1757 sed
824 1716 868 1757 in
899 1716 1144 1758 thalamum
1186 1723 1451 1758 secretorum
1491 1716 1572 1757 soli
1608 1716 1791 1757 maiores
1832 1716 1895 1756 in-

451 1791 640 1839 troeunt,
669 1785 824 1826 ceteris
846 1784 1033 1826 exclusis
1055 1785 1137 1826 nisi
1159 1800 1257 1827 cum
1279 1786 1335 1827 ad
1357 1784 1549 1840 quelibet
1580 1785 1699 1838 regia
1720 1784 1897 1838 negotia

445 1854 664 1907 explenda
699 1868 725 1895 a
756 1854 943 1895 dominis
979 1854 1067 1895 suis
1101 1861 1325 1896 vocantur.
1387 1854 1501 1895 Item
1532 1853 1732 1894 ostiarius
1761 1853 1896 1894 factas

404 1943 419 1973 5
448 1923 810 1964 summonitiones
851 1929 896 1965 et
935 1923 1126 1976 signatas
1167 1937 1193 1964 a
1235 1922 1489 1964 marescallo
1529 1921 1722 1976 suscipit,
1752 1921 1896 1963 soluto

446 1992 662 2034 scaccario
684 1991 796 2032 illius
813 1991 1001 2043 termini,
1017 1998 1060 2033 et
1077 1992 1120 2032 in
1142 1992 1318 2046 propria
1335 2005 1519 2045 persona
1534 1990 1603 2032 vel
1625 2004 1702 2044 per
1722 1988 1897 2031 fidelem

442 2061 647 2102 nuncium
665 2075 742 2115 per
761 2060 988 2115 Angfiam,
1005 2062 1115 2102 sicut
1136 2061 1435 2114 supradictum
1456 2066 1536 2111 est,
1553 2059 1729 2100 easdem
1745 2056 1897 2099 defert.

445 2130 530 2171 Hic
553 2130 684 2172 etiam
708 2144 764 2171 ex
794 2130 1005 2172 mandato
1030 2130 1290 2184 presidentis
1319 2135 1531 2171 conuocat
1556 2128 1600 2168 in
1628 2127 1897 2181 presentiam

444 2199 533 2240 eius
563 2199 840 2241 vicecomites
871 2199 945 2252 qui
976 2205 1104 2240 extra
1138 2199 1319 2240 domum
1350 2197 1687 2249 circumquaque
1717 2194 1899 2248 dispersi

447 2273 547 2308 sunt
578 2281 676 2309 cum
707 2268 940 2321 indiguerit
971 2268 1068 2308 illis.
1131 2268 1245 2309 Item
1277 2267 1334 2308 ad
1369 2266 1486 2307 hunc
1516 2265 1703 2319 pertinet
1735 2270 1783 2305 vt
1813 2264 1901 2304 sol·

445 2336 589 2379 licitus
621 2338 678 2378 sit
714 2337 827 2379 circa
858 2337 1027 2379 minuta
1062 2336 1255 2391 quelibet
1293 2334 1532 2376 necessaria
1561 2346 1647 2386 que
1684 2333 1728 2372 in
1763 2333 1898 2375 domo

447 2406 647 2448 scaccarii
688 2412 801 2456 sunt,
837 2405 957 2447 velut
997 2406 1053 2446 ad
1089 2404 1322 2446 sternenda
1362 2409 1406 2445 et
1441 2401 1712 2456 preparanda
1747 2401 1899 2442 sedilia

446 2473 560 2515 circa
586 2476 846 2517 scaccarium
870 2481 914 2516 et
937 2473 1200 2515 huiusmodi.
1262 2473 1336 2513 Ex
1362 2471 1580 2526 predictis,
1601 2475 1648 2511 vt
1669 2470 1898 2521 credimus,

446 2542 501 2583 de
523 2543 672 2584 officiis
700 2543 895 2584 omnium
917 2542 991 2597 qui
1011 2542 1068 2584 ad
1096 2540 1359 2583 scaccarium
1386 2539 1573 2582 resident
1599 2539 1679 2581 tibi
1701 2544 1899 2580 constare

497 2691 511 2717 1
540 2682 798 2719 officiabilibus
815 2685 852 2718 R
939 2692 957 2729 5
985 2683 1033 2718 de
1051 2680 1176 2726 domo]
1196 2681 1306 2716 demo
1326 2680 1374 2714 N
1449 2680 1469 2714 8
1496 2679 1695 2725 accedunt]
1714 2679 1850 2714 cedunt
1870 2680 1901 2714 C

450 2738 493 2771 14
517 2729 669 2764 refertur
687 2731 718 2766 C
800 2734 839 2766 16
864 2729 928 2775 ad]
947 2731 995 2766 ab
1012 2731 1048 2765 R
1134 2729 1175 2764 18
1197 2728 1385 2773 posterius
1402 2737 1446 2761 ex
1463 2737 1531 2761 om.
1553 2727 1584 2761 C
1659 2727 1851 2772 president
1870 2726 1901 2761 C

451 2784 494 2821 19
511 2774 568 2858 inc]=
579 2776 629 2811 ad
648 2777 678 2815 C
763 2787 808 2812 20
834 2778 906 2814 sint
928 2778 959 2814 C
1039 2777 1084 2815 26
1108 2783 1143 2812 et
1161 2786 1229 2811 om.
1247 2775 1294 2810 N
1371 2774 1416 2810 28
1443 2773 1628 2819 presentia
1644 2775 1681 2809 R
1761 2783 1807 2818 34
1832 2772 1898 2809 tibi

447 2834 515 2858 om.
