2022 3281
109 173 125 206 1
148 179 179 206 x
202 161 252 222 B]
593 166 680 208 DE
713 165 1074 209 SCACCARIO
1510 177 1565 220 99

108 278 245 321 feodis
268 279 456 321 militum
486 294 702 322 summam
730 281 921 334 aliquam
948 280 1070 329 solui,
1095 293 1287 321 marcam
1314 278 1479 321 scilicet
1499 281 1568 321 vel

107 346 263 389 libram
296 362 441 400 vnam,
476 351 589 391 vnde
625 350 836 391 militibus
871 349 1089 404 stipendia
1119 348 1187 390 vel
1225 349 1436 390 donatiua
1471 361 1568 389 suc-

107 418 280 458 cedant.
361 418 534 460 Mauult
563 419 679 459 enirn
710 419 911 473 princeps
940 418 1229 472 stipendarios
1254 431 1387 471 quam
1409 417 1563 459 dome-

105 486 236 528 sticos
265 486 435 528 bellicis
462 501 687 541 opponere
719 488 900 529 casibus.
962 487 1058 529 Hec
1086 488 1234 540 itaque
1259 500 1444 537 summa,
1464 486 1568 539 quia

106 556 282 596 nomine
304 562 527 597 scutorum
549 556 744 608 soluitur,
765 557 1009 610 scutagium
1036 562 1324 610 nuncupatur.
1383 555 1461 596 Ab
1481 555 1565 596 hac
1586 572 1604 604 5

105 630 253 665 autem
277 626 413 678 quieti
435 632 536 667 sunt
558 627 613 667 ad
636 626 900 668 scaccarium
922 626 1173 667 residentes.

163 693 298 735 Porro
340 695 566 736 murdrum
607 696 780 748 proprie
817 695 973 736 dicitur
1013 709 1130 736 mors
1170 693 1352 735 alicuius
1393 685 1616 759 occulta}

104 763 226 804 cuius
249 763 499 805 interfector
521 764 755 818 ignoratur.
817 764 1046 805 Murdrum
1074 764 1189 804 enirn
1215 764 1332 805 idem
1359 769 1424 804 est
1444 763 1563 815 quod

103 831 409 874 absconditum
431 833 499 873 vel
521 832 753 874 occultum.
819 833 869 873 In
891 834 1115 887 primitiuo
1136 833 1283 886 itaque
1303 832 1422 885 regni
1444 837 1561 872 statu

102 907 205 955 post
240 901 602 954 conquisitionem
641 902 715 955 qui
753 901 890 942 relicti
927 901 1096 942 fucrant
1129 901 1186 942 de
1222 900 1421 955 Anglicis
1458 899 1560 941 sub·
1584 914 1624 936 10

101 970 224 1018 actis,
257 970 299 1010 in
329 977 578 1023 suspectam
608 977 652 1011 et
681 983 862 1011 exosam
890 970 972 1011 sibi
1000 970 1039 1010 N
1046 983 1356 1011 ormannorum
1384 975 1560 1023 gentem

100 1037 288 1079 latenter
310 1039 534 1092 ponebant
557 1039 745 1089 insidias,
767 1045 812 1080 et
838 1039 999 1092 passim
1026 1039 1144 1092 ipsos
1173 1039 1215 1078 in
1243 1038 1493 1079 nemoribus
1515 1043 1561 1079 et

101 1106 207 1148 locis
229 1108 420 1158 remotis,
442 1114 569 1148 nacta
592 1108 934 1161 opportunitate,
956 1107 1154 1148 clanculo
1177 1107 1446 1160 iugulabant.
1508 1106 1560 1147 In

100 1189 285 1229 quorum
314 1177 477 1217 vltione
512 1190 613 1218 cum
645 1190 769 1230 reges
800 1182 844 1218 et
876 1190 1026 1218 eorum
1064 1176 1251 1217 ministri
1285 1189 1363 1230 per
1392 1175 1559 1229 aliquot

100 1258 237 1286 annos
277 1245 508 1298 exquisitis
548 1252 870 1287 tormentorum
901 1245 1133 1298 generibus
1163 1245 1206 1285 in
1237 1244 1452 1298 Anglicos
1482 1245 1557 1286 de·
1581 1258 1617 1290 15

97 1314 298 1364 seuirent,
321 1328 399 1356 nec
423 1320 571 1355 tamen
597 1315 658 1355 sic
687 1315 865 1356 omnino
896 1314 1171 1362 desisterent,
1194 1314 1238 1354 in
1266 1313 1351 1355 hoc
1377 1314 1559 1354 tandem

98 1382 354 1424 deuolutum
384 1390 451 1425 est
481 1384 723 1434 consilium,
760 1390 808 1425 vt
840 1383 1089 1433 centuriata,
1116 1397 1248 1436 quam
1279 1382 1558 1423 hundredum

97 1452 259 1503 dicunt,
305 1453 347 1494 in
388 1466 476 1506 qua
515 1453 576 1494 sic
618 1453 870 1494 interfectus
916 1453 1200 1494 Normannus
1241 1451 1557 1500 inueniebatur‚

95 1522 213 1574 quod
235 1522 387 1563 mortis
415 1522 505 1563 eius
533 1522 726 1563 minister
747 1535 834 1563 non
862 1522 1057 1573 extabat,
1078 1535 1157 1563 nec
1185 1534 1262 1576 per
1287 1520 1437 1574 fugam
1458 1520 1556 1573 quis

94 1596 208 1631 esset
230 1590 424 1643 patebat,
445 1591 488 1631 in
510 1604 728 1632 summam
758 1591 970 1644 grandem
993 1590 1162 1645 argenti
1189 1589 1427 1631 examinati
1449 1588 1555 1629 fisco
1578 1609 1617 1631 20

93 1659 516 1713 condempnaretur3
549 1660 739 1713 quedam
767 1660 932 1702 scilicet
956 1660 999 1701 in
1021 1660 1166 1701 xxxvi
1193 1659 1338 1709 libras,
1361 1658 1553 1711 quedam

92 1795 291 1836 fectionis
311 1797 615 1850 frequentiam.
677 1797 810 1851 Quod
833 1798 934 1839 ideo
956 1797 1122 1840 facturn
1139 1798 1305 1848 dicunt,
1325 1803 1373 1838 vt
1390 1796 1553 1838 scilicet

93 1877 208 1917 pena
237 1865 495 1917 generaliter
516 1865 681 1908 inflicta
711 1867 1055 1921 pretereuntium
1089 1866 1422 1908 indemnitatem
1452 1878 1551 1918 pro-

93 1940 275 1983 curaret,
296 1940 341 1975 et
369 1934 596 1976 festinaret
627 1935 813 1988 quisque
844 1942 1017 1977 tantum
1043 1935 1197 1990 punire
1227 1935 1450 1985 delictum,
1482 1933 1551 1975 vel
1573 1951 1612 1984 ²5

93 2001 248 2043 offerre
268 2003 426 2044 iudicio
447 2017 524 2058 per
545 2017 676 2057 quem
699 2010 789 2045 tam
812 2005 1003 2046 enormis
1025 2005 1190 2046 iactura
1210 2010 1352 2045 totam
1374 2003 1551 2045 ledebat

92 2071 307 2112 viciniam.
367 2070 443 2113 Ab
463 2072 631 2123 horum,
651 2080 698 2114 vt
720 2074 1006 2127 prediximus,
1027 2074 1246 2116 solutione
1270 2073 1474 2115 sedentes
1494 2073 1551 2115 ad

90 2139 290 2181 tabulam
311 2141 469 2183 liberos
491 2155 692 2183 noueras.

148 2209 411 2264 Dz‘scz’pulus.
473 2211 700 2265 Numquid
730 2225 809 2266 pro
837 2211 1014 2252 murdro
1043 2212 1174 2253 debet
1198 2211 1404 2266 imputari
1429 2210 1548 2254 clan-

92 2279 262 2321 destina
284 2292 401 2321 mors
421 2279 600 2334 Anglici
622 2281 734 2322 sicut
756 2278 1030 2322 Normanni?
1567 2294 1609 2326 30

148 2347 382 2402 Magister.
442 2348 488 2390 A
515 2349 656 2403 prima
678 2349 951 2391 institutione
978 2363 1064 2391 non
1091 2349 1222 2391 debet
1244 2349 1356 2391 sicut
1376 2350 1548 2401 audisti,

91 2422 158 2459 set
178 2416 263 2458 iarn
285 2417 637 2460 cohabitantibus
659 2417 860 2472 Anglicis
881 2425 926 2460 et
949 2418 1213 2460 Normannis
1235 2425 1280 2460 et
1300 2419 1546 2461 alternatim
1565 2428 1592 2459 B

90 2499 249 2528 vxores
264 2486 526 2528 ducentibus
541 2486 608 2545 vel
624 2487 901 2543 nubentibus,
918 2487 978 2528 sic
994 2488 1211 2541 permixte
1226 2494 1328 2530 sunt
1348 2488 1546 2530 nationes

89 2560 136 2594 vt
156 2555 232 2595 vix
254 2555 427 2596 decerni
449 2556 587 2610 possit
609 2547 756 2607 hodie,
777 2557 833 2598 de
855 2556 999 2598 liberis
1028 2556 1193 2610 loquor,
1213 2556 1308 2610 quis
1329 2556 1546 2610 Anglicus

89 2623 185 2676 quis
206 2623 487 2665 Normannus
517 2625 573 2666 sit
594 2638 752 2678 genere
771 2641 780 2674 3
817 2626 1014 2679 exceptis
1036 2626 1268 2667 dumtaxat
1296 2627 1545 2680 ascriptitiis
1564 2636 1603 2670 35

89 2691 163 2744 qui
199 2691 346 2733 villani
381 2693 592 2744 dicuntur,
632 2693 790 2748 quibus
820 2708 906 2735 non
943 2700 1009 2736 est
1039 2694 1235 2746 liberum,
1265 2696 1545 2738 obstantibus

150 2779 170 2805 2
196 2770 308 2815 vnde]
326 2783 437 2806 vnum
453 2773 490 2807 R
610 2784 618 2793 ·
641 2774 685 2808 16
711 2772 763 2818 in]
782 2773 894 2808 etiam
912 2774 947 2808 R
1089 2784 1134 2820 30
1144 2776 1234 2821 post
1248 2774 1342 2812 sicut
1357 2776 1442 2812 add.
1459 2782 1497 2813 et
1517 2775 1550 2814 C

86 2825 130 2862 32
159 2818 366 2853 alternatim
382 2820 620 2865 schPsimus:
646 2820 860 2857 alterutrum
880 2821 981 2856 codd.
