2022 3281
436 164 491 216 84
921 166 1007 207 DE
1040 163 1403 208 SCACCARIO
1731 164 1769 224 [Ι
1789 167 1831 209 νί
1853 175 1881 209 C

433 278 577 320 soluta
606 283 650 320 et
680 278 903 320 soluenda.
965 278 1052 318 Hic
1083 277 1214 318 etiam
1246 278 1438 319 custodit
1468 278 1765 321 contrabreuia
1796 279 1883 321 fac-

434 353 580 388 torum
601 347 657 388 ad
680 347 954 388 scaccarium.
1017 345 1103 385 Hic
1131 346 1263 386 etiam
1289 347 1651 389 summonitiones
1675 348 1811 389 factas
1835 354 1883 389 vt

383 431 416 462 D
435 416 675 469 predictum
708 421 773 457 est
808 415 983 468 corrigit
1014 420 1057 455 et
1087 413 1258 467 sigillat,
1289 420 1332 455 et
1365 413 1446 470 est]
1459 415 1496 456 ei
1532 416 1654 458 labor
1689 416 1884 457 infinitus

435 490 567 538 atque
587 491 687 538 post
708 483 1023 525 thesaurarium
1046 483 1281 524 maximus.

397 565 415 597 5
491 551 751 605 Disciptclus.
813 550 970 592 ‘Vtilis
1000 550 1070 591 hic
1102 557 1217 593 esset
1253 550 1394 605 magis
1423 551 1573 605 Argus
1603 566 1735 606 quam
1773 552 1885 594 Poli-

436 619 600 662 femus?

490 689 719 742 Magister.
783 686 978 729 Clericus
1014 687 1337 730 constabularie
1367 702 1550 742 magnus
1590 695 1636 731 et
1670 690 1885 731 officiosus

435 758 478 798 in
500 758 613 810 regis
640 757 758 798 curia
779 756 834 797 ad
861 757 1122 798 scaccarium
1154 758 1287 799 etiam
1312 758 1368 799 ad
1395 757 1559 799 maiora
1583 771 1756 811 queque
1786 772 1886 799 cum

434 826 604 880 magnis
626 825 789 866 ascitur
810 831 853 866 et
878 839 1056 867 assensu
1079 826 1169 866 eius
1191 827 1309 880 regia
1336 825 1446 867 fiunt
1468 826 1656 880 negotia.
1741 826 1887 868 Desti-

377 910 416 932 10
436 901 564 935 natur
603 901 750 935 autem
785 908 812 935 a
853 907 953 947 rege
988 895 1044 936 ad
1086 895 1351 936 scaccarium
1392 908 1491 937 cum
1529 895 1889 936 contrabreuibus

435 963 490 1004 ad
512 963 719 1005 terminos
744 963 945 1005 scaccarii
975 964 1032 1005 de
1061 963 1143 1005 hiis
1173 970 1346 1005 tanturn
1378 977 1463 1017 que
1493 964 1549 1004 ad
1580 964 1741 1005 curiam
1768 963 1890 1005 fiunt.

436 1032 522 1074 Hic
563 1032 694 1074 etiam
736 1045 835 1073 curn
877 1031 1199 1073 constabulario
1236 1032 1563 1074 liberationibus
1602 1032 1792 1074 militum
1822 1031 1890 1073 vel

435 1101 729 1154 quorumlibet
779 1101 965 1142 aliorum
1004 1101 1202 1151 intendit,
1242 1107 1290 1142 vt
1336 1101 1579 1154 predictum
1622 1107 1700 1152 est,
1741 1108 1785 1142 et
1825 1106 1891 1142 est

436 1170 653 1211 interdum
690 1169 953 1210 laboriosum
990 1170 1095 1210 satis
1131 1170 1223 1211 eius
1259 1169 1450 1211 officium
1490 1169 1592 1211 licet
1626 1169 1778 1224 paucis
1814 1183 1890 1210 ex-

380 1250 415 1284 15
437 1238 658 1292 primatur.
721 1237 889 1290 Explet
920 1243 1070 1278 tamen
1091 1237 1197 1279 illud
1225 1237 1490 1291 frequentius
1518 1252 1596 1291 per
1617 1238 1890 1292 suppositam

436 1319 667 1360 personam
688 1305 799 1347 sicut
824 1306 1117 1357 cancellarius,
1142 1306 1244 1360 quia
1264 1313 1442 1361 propter
1463 1307 1629 1348 maiora
1657 1320 1745 1347 non
1768 1306 1890 1348 facile

436 1381 620 1429 possunt
651 1389 677 1416 a
706 1375 819 1428 regis
850 1375 1066 1428 presentia
1099 1374 1270 1428 longius
1301 1376 1374 1416 ire.
1436 1375 1509 1417 Sic
1542 1375 1676 1416 habes
1708 1375 1891 1427 disposi-

437 1450 582 1486 torum
605 1444 648 1484 in
677 1444 869 1485 secundo
899 1442 1021 1484 sedili
1044 1444 1099 1484 ad
1132 1445 1359 1485 dexteram
1381 1444 1641 1497 presidentis
1672 1449 1891 1496 vtcunque

433 1511 669 1553 distributa
691 1511 846 1553 officia.
880 1512 1014 1553 Porro
1036 1513 1079 1553 in
1100 1512 1243 1565 capite
1264 1512 1406 1566 quarti
1438 1512 1584 1553 sedilis
1607 1513 1727 1565 quod
1751 1526 1890 1565 oppo-

379 1594 419 1616 20
438 1581 553 1622 nitur
602 1580 848 1622 iusticiariis
897 1581 1058 1622 residet
1103 1581 1307 1634 magister
1358 1581 1553 1622 Thomas
1598 1587 1890 1634 cognomento

391 1647 620 1693 EBrunus.
701 1648 847 1690 Huius
882 1650 938 1690 ad
974 1649 1236 1691 scaccarium
1273 1663 1360 1691 non
1399 1649 1495 1690 vilis
1536 1656 1602 1690 est
1642 1649 1890 1691 auctoritas.

439 1717 653 1771 Magnum
675 1718 790 1758 enim
812 1724 856 1759 et
872 1717 1064 1759 validum
1088 1717 1187 1759 fidei
1205 1718 1295 1759 eius
1316 1724 1360 1759 et
1381 1717 1650 1759 discretionis
1680 1724 1746 1759 est
1762 1731 1890 1771 argu-

439 1792 636 1828 mentum
667 1787 786 1840 quod
810 1800 835 1827 a
856 1794 947 1828 tam
970 1786 1226 1828 excellentis
1248 1786 1406 1840 ingenii
1430 1787 1621 1841 principe
1642 1786 1804 1828 electus
1826 1792 1892 1828 est

437 1862 485 1897 vt
498 1861 642 1909 preter
654 1855 882 1908 antiquam
899 1855 1259 1896 consuetudinem
1274 1855 1450 1896 tertium
1465 1855 1626 1897 habeat
1642 1855 1831 1897 rotulum
1849 1855 1892 1896 in

379 1941 394 1962 2
400 1941 417 1973 5
438 1938 525 1977 quo
541 1924 660 1978 regni
676 1924 768 1965 iura
781 1924 981 1978 regisque
998 1930 1163 1966 secreta
1179 1923 1422 1966 conscribat
1436 1930 1480 1965 et
1493 1925 1680 1965 eundem
1699 1937 1832 1977 penes
1847 1937 1893 1964 se

439 2006 664 2035 reseruans
692 2007 955 2047 quocunque
982 1993 1168 2034 voluerit
1199 1992 1377 2035 deferat.
1431 1993 1583 2034 Habet
1612 1993 1746 2034 etiam
1769 1992 1892 2035 cleri-

440 2075 539 2104 cum
561 2075 689 2104 suum
712 2063 756 2102 in
779 2061 979 2103 inferiore
999 2062 1229 2112 scaccario,
1245 2062 1320 2115 qui
1342 2061 1469 2103 iuxta
1490 2060 1694 2103 clericum
1716 2061 1893 2103 thesau-

440 2131 537 2172 rarii
592 2132 787 2173 residens
826 2130 1009 2173 liberam
1059 2131 1194 2173 habet
1239 2131 1493 2173 facultatem
1543 2130 1758 2172 scribendi
1808 2144 1893 2184 que

440 2200 707 2254 recipiuntur
736 2206 781 2242 et
812 2201 1123 2253 expenduntur
1153 2201 1197 2241 in
1227 2200 1447 2241 thesauro.

380 2288 421 2319 30
495 2269 757 2323 Discipulus.
817 2269 1045 2323 Numquid
1063 2269 1245 2324 principi
1267 2270 1443 2323 cognita
1465 2274 1531 2310 est
1551 2282 1603 2310 eo
1624 2281 1761 2321 vsque
1785 2267 1892 2309 fides

440 2339 531 2380 eius
551 2344 685 2391 atque
705 2338 908 2380 discretio
933 2338 1052 2391 quod
1072 2338 1129 2380 ad
1150 2337 1233 2379 hoc
1254 2352 1365 2392 opus
1387 2337 1541 2378 merito
1558 2349 1645 2377 non
1668 2336 1893 2377 estimetur

439 2406 548 2448 alius
569 2408 626 2448 ad
649 2406 802 2447 illum?

495 2475 726 2529 Magister.
780 2475 969 2530 Magnus
998 2475 1069 2517 hic
1099 2481 1192 2516 erat
1222 2474 1265 2514 in
1292 2473 1439 2527 magni
1471 2473 1584 2527 regis
1616 2472 1752 2514 Siculi
1776 2472 1892 2515 curia

442 2542 627 2584 consiliis
646 2544 858 2597 prouidus
879 2550 922 2585 et
944 2544 987 2584 in
1010 2543 1138 2597 regiis
1159 2542 1332 2584 secretis
1353 2555 1466 2596 pene
1486 2541 1726 2596 precipuus.
1788 2541 1890 2583 Sur-

383 2629 422 2661 35
449 2611 563 2651 rexit
604 2611 767 2654 interea
802 2627 880 2653 rex
921 2626 1062 2654 nouus
1102 2612 1175 2666 qui
1215 2611 1445 2665 ignorabat
1484 2610 1617 2661 illum,
1646 2611 1720 2664 qui
1756 2624 1893 2666 praua

442 2678 608 2721 habens
647 2679 783 2722 latera
812 2686 982 2735 patrem
1023 2680 1364 2735 persequebatur
1392 2679 1434 2719 in
1464 2679 1566 2719 suis.
1629 2678 1892 2733 Compulsus

719 2833 737 2868 7
766 2825 1028 2862 constabularii
1049 2827 1079 2862 C
1299 2826 1341 2862 18
1366 2831 1559 2871 Vtrumque
1577 2825 1613 2859 R
