2022 3281
407 193 460 240 68
893 196 980 237 DE
1015 193 1374 237 SCACCARIO
1688 188 1727 249 [Ι
1748 193 1808 234 iiii
1830 199 1859 233 C

407 317 485 360 est,
507 309 731 364 proposita
760 322 932 350 summa
963 321 1048 360 que
1078 306 1269 360 exigitur
1300 312 1344 346 et
1375 306 1612 360 suppositis
1635 307 1691 349 ad
1724 307 1856 348 colla-

405 379 569 420 tionem
607 378 696 419 eius
732 377 815 418 hiis
845 390 931 429 que
961 376 1103 416 soluta
1144 380 1254 425 sunt,
1286 387 1362 427 per
1392 376 1734 418 subtractionem
1770 376 1857 417 dis-

407 460 593 497 cernere,
606 447 641 487 si
658 445 928 487 satisfactum
946 449 1011 484 est
1026 443 1093 483 vel
1111 442 1146 482 si
1164 442 1271 494 quid
1287 448 1434 484 restat.
1493 443 1560 485 At
1576 458 1675 485 cum
1695 445 1858 499 ceperit

409 515 641 568 multiplex
681 512 901 567 inquisitio
936 511 1028 551 fieri
1069 511 1125 551 de
1169 509 1252 550 hiis
1293 510 1432 561 rebus,
1468 525 1553 565 que
1591 514 1708 554 varie
1753 512 1858 553 fisco

371 608 389 639 5
409 584 680 637 proueniunt,
713 587 756 622 et
786 580 966 622 diuersis
998 578 1140 619 modis
1184 568 1462 631 requiruntur
1492 586 1536 621 et
1575 595 1601 622 a
1630 581 1860 623 vicecomi-

408 653 525 693 tibus
561 664 648 692 non
679 650 834 690 eodem
869 648 1003 689 modo
1034 647 1356 700 perquiruntur,
1385 649 1627 690 discernere
1661 651 1697 690 si
1737 663 1861 691 secus

409 719 575 773 egerint
603 718 865 771 quibusdam
897 729 1030 769 graue
1059 722 1126 757 est
1156 722 1199 756 et
1231 716 1289 757 ob
1320 715 1402 757 hoc
1430 717 1543 758 circa
1570 717 1653 759 hoc
1683 718 1863 760 scientia

409 787 611 828 scaccarii
633 786 772 826 maior
803 798 896 826 esse
922 784 1089 825 dicitur.
1174 783 1421 825 Dubiorum
1453 798 1557 825 vero
1587 786 1655 826 vel
1687 787 1861 828 dubita-

408 855 514 895 lium
556 854 711 895 iudicia
741 867 830 906 que
866 853 1115 906 frequenter
1155 860 1381 907 emergunt
1411 853 1493 894 sub
1525 867 1612 894 vna
1651 861 1862 896 tractatus

354 943 390 967 10
409 923 518 964 serie
539 922 850 976 comprehendi
867 935 953 962 non
970 921 1116 962 valent
1134 922 1236 974 quia
1251 935 1331 962 nec
1347 922 1452 963 dum
1471 922 1615 964 omnia
1631 923 1865 964 dubiorum

409 1005 570 1045 genera
598 991 641 1032 in
672 990 812 1032 lucem
844 990 1110 1044 prodierunt.
1172 989 1375 1043 Quedam
1407 997 1553 1032 tamen
1584 1004 1642 1031 ex
1672 991 1755 1032 hiis
1781 1005 1867 1045 que

410 1060 635 1114 proposita
669 1059 738 1101 vel
779 1059 1070 1100 determinata
1105 1059 1390 1112 cognouimus
1421 1059 1508 1100 suis
1548 1059 1654 1101 locis
1690 1059 1867 1101 inferius

408 1129 727 1171 annotabimus.

467 1196 728 1250 Dz‘scipulus.
785 1195 910 1250 Quid
951 1202 1017 1238 est
1067 1196 1196 1238 huius
1241 1203 1333 1238 tam
1386 1197 1641 1240 excellentis
1691 1197 1868 1240 sessoris

364 1300 394 1326 V
413 1266 631 1308 officium?

364 1343 397 1374 A
471 1335 704 1388 Magister.
763 1333 901 1375 Aliud
923 1334 1066 1375 verius
1088 1334 1267 1376 attribui
1295 1335 1375 1376 sibi
1398 1349 1484 1376 non
1509 1335 1625 1377 valet
1645 1335 1726 1376 nisi
1748 1335 1868 1388 quod

358 1395 395 1427 15
413 1404 617 1446 omnibus
644 1415 729 1455 que
760 1403 803 1443 in
833 1403 1035 1444 inferiore
1066 1402 1133 1443 vel
1164 1403 1384 1457 superiore
1414 1404 1629 1445 scaccario
1659 1403 1767 1444 fiunt
1797 1403 1867 1445 hic

413 1472 623 1526 prospicit
644 1478 687 1513 et
708 1472 765 1512 ad
786 1477 941 1511 nutum
963 1471 1097 1524 ipsius
1123 1471 1315 1524 quelibet
1337 1472 1478 1513 officia
1506 1472 1700 1514 subiecta
1721 1473 1868 1525 dispo-

413 1547 606 1591 nuntur;
657 1540 718 1582 sic
754 1545 902 1580 tamen
936 1545 984 1580 vt
1025 1540 1082 1581 ad
1122 1539 1293 1581 domini
1329 1540 1442 1594 regis
1482 1540 1714 1582 Vtilitatem
1757 1541 1870 1582 iuste

356 1626 396 1648 20
415 1609 687 1663 proueniant.
768 1608 867 1649 Hoc
908 1615 1058 1649 tamen
1099 1609 1212 1650 inter
1252 1615 1394 1650 cetera
1433 1609 1605 1650 videtur
1649 1609 1869 1651 excellens

414 1678 532 1731 quod
568 1682 716 1730 potest
752 1677 822 1718 hic
857 1677 939 1718 sub
975 1677 1226 1718 testimonio
1266 1691 1345 1718 suo
1386 1678 1518 1718 breue
1554 1678 1720 1718 domini
1756 1678 1870 1732 regis

414 1746 556 1788 facere
589 1745 677 1786 fieri
711 1751 756 1786 vt
791 1745 848 1786 de
879 1745 1083 1787 thesauro
1124 1745 1318 1798 quelibet
1350 1759 1523 1787 summa
1553 1745 1769 1796 liberetur,
1800 1746 1870 1787 vel

413 1822 461 1857 vt
490 1820 768 1868 computetur
802 1813 928 1855 alicui
969 1815 1086 1867 quod
1116 1814 1198 1855 sibi
1236 1828 1293 1855 ex
1322 1814 1487 1855 domini
1517 1815 1629 1868 regis
1661 1816 1871 1856 mandato

415 1883 666 1937 prenouerit
687 1883 1049 1936 computandum,
1071 1882 1139 1923 vel
1162 1883 1197 1923 si
1220 1882 1421 1925 maluerit
1441 1884 1574 1924 breue
1596 1896 1722 1924 suum
1743 1883 1871 1924 faciet

358 1968 395 1999 25
414 1951 497 1994 sub
518 1951 704 1992 aliorum
727 1951 982 1992 testimonio
1003 1951 1059 1992 de
1080 1951 1164 1993 hiis
1185 1952 1327 1993 rebus.

473 2019 731 2073 Discz'pnlus.
806 2019 999 2073 Magnus
1016 2026 1084 2061 est
1104 2020 1175 2061 hic
1197 2020 1321 2061 cuius
1350 2019 1451 2061 fidei
1473 2020 1608 2062 totius
1630 2020 1749 2074 regni
1770 2033 1873 2062 cura

416 2089 550 2130 immo
572 2094 615 2130 et
632 2102 705 2131 cor
726 2089 839 2143 regis
854 2088 1155 2130 committitur.
1217 2088 1440 2143 Scriptum
1462 2089 1624 2144 quippe
1646 2096 1741 2130 est:
1773 2089 1872 2130 ‘vbi

417 2165 483 2200 est
508 2158 736 2200 thesaurus
764 2164 865 2198 tuus
894 2158 953 2198 ibi
980 2163 1047 2199 est
1072 2164 1115 2199 et
1140 2171 1215 2200 cor
1238 2156 1390 2200 tuum.'
1464 2157 1543 2200 Set
1565 2158 1651 2199 iarn
1674 2158 1708 2200 si
1730 2157 1873 2212 placet

417 2240 679 2282 prosequere
700 2228 755 2269 de
780 2227 947 2268 ceteris.

358 2311 400 2342 30
476 2295 708 2349 Magister.
766 2296 844 2338 Vis
884 2308 1123 2349 prosequar
1164 2295 1220 2336 de
1270 2294 1375 2349 ipsis
1425 2295 1662 2336 secundum
1712 2295 1873 2348 gradus

419 2365 684 2418 dignitatum
707 2378 762 2405 an
783 2365 1023 2406 secundum
1046 2364 1378 2418 dispositionem
1400 2364 1599 2404 sedium?

476 2432 735 2486 Discspzclets.
796 2433 1048 2475 Secundum
1079 2433 1199 2486 quod
1230 2432 1413 2486 quisque
1449 2432 1617 2472 ratione
1647 2430 1777 2472 officii
1809 2431 1874 2472 sui

420 2501 568 2542 sedem
594 2503 780 2556 adeptus
810 2508 889 2543 est.
951 2500 1099 2543 Facile
1130 2500 1244 2542 enirn
1275 2500 1368 2550 erit,
1393 2507 1440 2542 vt
1470 2500 1613 2551 credo,
1634 2513 1692 2540 ex
1723 2500 1874 2541 officiis

420 2571 689 2623 perpendere
710 2571 959 2624 dignitates.

364 2648 402 2679 35
480 2638 709 2691 Magzkter.
771 2639 835 2681 Vt
862 2638 1034 2681 noueris
1066 2651 1154 2692 quo
1182 2637 1333 2678 ordine
1360 2636 1662 2690 disponantur,
1679 2637 1791 2678 scias
1818 2637 1874 2679 ad

474 2782 536 2819 1—5
563 2774 611 2808 ad
629 2775 860 2810 collationem
877 2803 886 2812 .
906 2802 915 2811 .
932 2802 941 2811 .
959 2775 1194 2821 requiruntur
1206 2771 1266 2808 N³
1354 2782 1374 2816 3
1391 2773 1482 2808 satis
1498 2773 1599 2807 off’m
1611 2773 1647 2807 R
1734 2781 1753 2816 7
1780 2772 1876 2808 circa

424 2823 493 2856 hec
511 2822 556 2856 N
630 2822 650 2856 8
676 2822 931 2858 dubitabilium
947 2823 994 2857 N
1072 2832 1114 2856 10
1138 2820 1305 2856 omniurn
1322 2821 1367 2855 N
1438 2829 1478 2863 17
1497 2820 1533 2854 in
1547 2831 1617 2855 om.
1629 2821 1706 2854 NR
1767 2819 1875 2854 fuerit

424 2869 501 2903 NR
574 2877 617 2902 22
629 2868 780 2913 quilibet
794 2870 841 2903 N
912 2878 955 2912 27
970 2867 1123 2915 quippe]
1141 2867 1239 2904 enim
1254 2868 1285 2904 C
1353 2868 1396 2903 28
1415 2873 1451 2904 et
1465 2878 1534 2902 om.
1550 2867 1581 2903 C
1645 2876 1690 2912 33
1701 2866 1822 2902 officio
1836 2866 1882 2901 N
