2022 3281
105 203 122 238 1
143 193 227 253 xii]
588 196 675 237 DE
709 194 1073 238 SCAccAR1o
1474 204 1556 249 105

107 317 172 352 est
201 323 402 361 summa;
433 323 659 351 reseruans
689 317 837 352 autern
868 323 953 363 que
981 310 1036 350 de
1066 307 1261 350 dominio
1291 322 1371 350 suo
1402 322 1560 363 proue-

107 385 271 429 nerant,
302 379 551 433 ascriptitiis
583 378 684 426 eius,
707 379 826 432 quod
857 379 913 419 de
943 377 1140 432 quolibet
1171 384 1378 419 exactum
1408 378 1561 428 fuerat,

106 461 206 490 cum
238 448 486 501 integritate
517 448 695 498 restitui,
715 454 763 490 vt
793 447 921 488 huius
951 446 1011 488 rei
1042 446 1166 489 testis
1197 452 1310 488 esset
1341 452 1561 501 superstes

109 519 329 561 memoria.

165 588 426 641 Dz'scz’pnlus.
488 587 622 629 Salua
639 587 884 630 reuerencia
904 600 991 628 non
1010 586 1222 641 exemplis
1238 592 1306 629 set
1327 586 1564 628 rationibus
1584 601 1601 634 5

109 657 151 698 in
173 657 256 698 hiis
276 659 488 699 vtendum
510 663 588 699 est.

167 726 399 780 Magister.
461 726 530 767 Ita
566 731 644 766 est.
705 725 784 767 Set
825 724 874 766 fit
913 725 1129 766 interdum
1170 732 1218 767 vt
1253 739 1382 767 cause
1423 738 1565 766 rerum

112 795 417 848 dictorumque
447 794 635 835 rationes
666 793 837 836 occulte
872 793 971 845 sint,
1002 800 1046 835 et
1076 799 1179 836 tunc
1209 794 1368 836 sufficit
1397 794 1454 835 de
1483 794 1565 834 hiis

113 863 319 916 exempla
349 863 554 913 subicere,
586 862 814 916 presertim
848 863 904 903 de
934 862 1036 903 viris
1065 862 1350 916 prudentibus
1380 868 1568 915 sumpta,

113 946 299 985 quorum
321 945 453 985 opera
480 932 791 985 circumspecta
820 936 921 971 sunt
950 937 994 972 et
1021 930 1111 972 sine
1137 931 1303 972 ratione
1330 945 1417 972 non
1447 929 1568 972 fiunt.
1591 945 1630 968 10

113 1001 280 1042 Verum
317 1001 523 1054 quicquid
559 1014 688 1054 super
719 1000 799 1041 hiis
836 1000 1078 1041 dixerimus
1106 999 1346 1054 allegantes
1377 1014 1457 1053 pro
1488 999 1569 1040 hac

116 1070 316 1111 libertate
343 1070 412 1110 vel
434 1075 584 1111 contra
612 1082 722 1119 eam,
744 1075 910 1110 certum
939 1069 1102 1110 habeas
1127 1070 1245 1123 quod
1270 1069 1398 1110 nichil
1425 1069 1468 1109 in
1489 1068 1571 1111 hac

116 1146 240 1194 parte
271 1146 435 1181 certum
458 1139 640 1179 dicimus
673 1138 756 1178 nisi
777 1139 896 1192 quod
925 1138 1130 1191 principis
1161 1138 1397 1180 auctoritas
1425 1139 1572 1180 decre-

115 1209 227 1251 uerit
258 1208 593 1250 obseruandum.
656 1206 774 1249 Sane
809 1207 1069 1249 forestarum
1102 1208 1225 1258 ratio,
1255 1221 1369 1261 pena
1398 1220 1574 1260 quoque
1593 1216 1624 1248 G

117 1278 187 1320 vel
217 1277 435 1319 absolutio
467 1276 812 1330 delinquentium
852 1276 895 1316 in
929 1289 1014 1326 eas,
1045 1277 1138 1317 siue
1168 1276 1416 1330 pecuniaria
1447 1275 1574 1317 fuerit
1597 1289 1633 1321 ¹5

117 1348 208 1389 siue
244 1346 492 1400 corporalis,
521 1358 718 1386 seorsum
754 1346 810 1386 ab
845 1345 940 1387 aliis
977 1346 1096 1399 regni
1133 1345 1302 1386 iudiciis
1337 1345 1576 1386 secernitur

119 1422 164 1457 et
204 1415 337 1456 solius
379 1415 492 1468 regis
536 1414 714 1456 arbitrio
754 1414 821 1455 vel
863 1413 1089 1456 cuiuslibet
1131 1413 1354 1456 familiaris
1396 1414 1453 1454 ad
1493 1413 1576 1454 hoc

119 1485 364 1540 specialiter
407 1484 605 1538 deputati
646 1483 867 1524 subicitur.
928 1483 1126 1537 Legibus
1170 1483 1348 1536 quidem
1389 1481 1575 1537 propriis

119 1554 316 1595 subsistit
338 1567 445 1607 quas
467 1566 555 1594 non
582 1553 803 1594 communi
828 1553 949 1607 regni
980 1553 1071 1594 iure
1096 1559 1164 1594 set
1190 1552 1436 1594 voluntaria
1462 1551 1579 1606 prin-

121 1623 267 1677 cipum
289 1622 563 1664 institutione
583 1622 792 1663 subnixas
813 1623 978 1672 dicunt,
994 1623 1106 1664 adeo
1126 1628 1174 1664 vt
1194 1622 1313 1675 quod
1335 1635 1412 1675 per
1434 1620 1578 1675 legem
1601 1633 1640 1656 20

123 1691 215 1732 eius
237 1689 400 1731 factum
419 1688 548 1730 fuerit
570 1702 657 1730 non
677 1688 839 1730 iustum
861 1688 1060 1730 absolute
1077 1694 1143 1730 set
1164 1689 1324 1730 iustum
1340 1687 1579 1730 secundum

124 1759 267 1813 legem
289 1758 445 1799 foreste
467 1757 647 1799 dicatur.
711 1758 761 1797 In
793 1756 964 1799 forestis
996 1758 1126 1799 etiam
1158 1757 1399 1812 penetralia
1428 1768 1580 1810 regum

125 1834 227 1869 sunt
244 1833 287 1868 et
305 1839 454 1867 eorum
472 1826 667 1867 maxime
681 1825 844 1867 delicie.
906 1826 983 1867 Ad
998 1826 1078 1866 has
1096 1827 1213 1866 enim
1234 1825 1423 1866 venandi
1441 1837 1582 1875 causa,

125 1898 237 1939 curis
259 1896 520 1949 quandoque
541 1895 766 1948 depositis,
789 1895 1003 1936 accedunt
1020 1901 1067 1936 vt
1089 1895 1258 1936 modica
1281 1895 1427 1949 quiete
1448 1905 1583 1934 recre-

129 1971 265 2007 entur.
320 1963 428 2014 Illic,
449 1963 568 2004 seriis
591 1963 718 2004 simul
740 1969 784 2004 et
806 1963 966 2005 innatis
988 1963 1102 2004 curie
1122 1963 1384 2004 tumultibus
1402 1961 1583 2012 omissis,
1606 1977 1643 2009 ²5

128 2035 171 2075 in
200 2032 406 2075 naturalis
435 2031 647 2073 libertatis
672 2032 858 2085 gratiam
888 2031 1109 2086 paulisper
1138 2032 1368 2084 respirant,
1389 2031 1505 2072 vnde
1535 2030 1584 2071 fit

129 2108 177 2144 vt
198 2102 500 2155 delinquentes
518 2100 561 2141 in
584 2114 680 2142 eam
698 2100 779 2141 soli
802 2101 919 2154 regie
935 2101 1189 2142 subiaceant
1205 2099 1585 2141 animaduersioni.

188 2170 449 2223 Discipulus.
511 2169 586 2210 Ab
606 2182 751 2224 vngue
773 2170 915 2223 primo
937 2169 1070 2210 didici
1092 2170 1211 2222 quod
1230 2182 1364 2222 praue
1384 2168 1586 2222 pudentis

133 2247 198 2282 est
220 2239 512 2293 ignorantiam
535 2238 624 2292 pati
647 2237 776 2279 malle
797 2252 929 2292 quam
951 2238 1165 2279 dictorum
1186 2251 1336 2280 causas
1358 2238 1588 2291 inquirere.

133 2309 196 2351 Vt
228 2323 332 2362 ergo
364 2309 418 2349 de
449 2307 655 2362 predictis
685 2306 856 2361 plenius
887 2312 1070 2358 constet,
1100 2306 1267 2361 aperire
1297 2320 1386 2347 non
1416 2305 1589 2348 differas
1609 2322 1650 2354 30

133 2379 238 2433 quid
261 2377 419 2420 foresta
440 2377 495 2419 sit
518 2383 561 2418 et
582 2377 686 2430 quid
710 2382 937 2417 essartum.

192 2446 424 2500 Magister.
486 2446 667 2487 Foresta
704 2445 816 2499 regis
848 2451 914 2486 est
944 2450 1042 2486 tuta
1070 2444 1257 2485 ferarum
1296 2445 1473 2494 mansio,
1504 2457 1591 2486 non
1611 2448 1672 2486 xii

139 2515 430 2569 quarumlibet
471 2522 537 2556 set
577 2514 851 2563 siluestrium,
881 2527 967 2554 non
1008 2512 1275 2566 quibuslibet
1311 2513 1353 2553 in
1390 2513 1497 2555 locis
1528 2519 1595 2557 set

139 2584 269 2626 certis
290 2589 334 2624 et
354 2584 410 2625 ad
432 2583 514 2624 hoc
536 2583 716 2625 idoneis.
803 2582 935 2623 Vnde
956 2583 1115 2623 foresta
1132 2581 1300 2632 dicitur,
1322 2595 1343 2622 e
1359 2587 1527 2624 mutata
1548 2582 1592 2623 in

138 2667 176 2705 0,
195 2652 318 2706 quasi
341 2650 545 2704 ‘feresta,’
567 2652 651 2694 hoc
672 2658 737 2693 est
759 2652 948 2693 ferarum
970 2650 1117 2694 statio.
1615 2658 1655 2691 35

190 2777 212 2812 9
236 2768 440 2813 emsempla
456 2769 503 2803 N
572 2778 614 2804 12
633 2770 722 2814 post
736 2768 906 2804 libertate
923 2767 1007 2802 add.
1028 2771 1167 2802 certum
1186 2765 1404 2802 dicimusN
1465 2767 1506 2803 18
1532 2768 1597 2802 de-

142 2814 265 2860 putari
287 2815 316 2849 C
423 2816 467 2851 26
484 2815 596 2860 vnde]
616 2827 729 2850 vnum
745 2816 782 2851 R
888 2815 931 2849 28
958 2814 1147 2859 prudentis
1166 2814 1198 2849 C
1207 2824 1215 2848 :
1242 2814 1417 2860 pudentis
1435 2815 1497 2850 vel
1511 2826 1598 2861 pru-

145 2861 266 2897 dentis
284 2862 319 2895 R
419 2872 465 2907 34
489 2861 553 2908 ad]
573 2863 621 2899 ab
638 2863 686 2897 N
782 2869 824 2908 35
852 2860 1002 2907 feresta]
1021 2861 1158 2897 foresta
1178 2861 1210 2897 C

203 2943 242 2961 DE
254 2942 345 2961 scticc.
739 2924 744 2928 ”
863 2929 889 2960 Ρ
