2022 3281
96 207 137 241 ,11
158 198 200 239 iii
223 197 270 252 B]
589 197 676 239 DE
708 196 1066 240 SCACCARIO
1470 208 1546 240 121

101 313 246 367 ipsum
275 317 319 353 et
350 312 499 353 omnia
532 317 608 354 tua
638 312 796 365 diligis,
815 319 862 354 vt
889 311 947 353 sis
977 312 1034 353 ad
1064 310 1329 354 scaccarium
1357 310 1417 353 ibi
1445 317 1550 352 tunc

99 388 144 422 et
174 381 337 422 habeas
372 387 517 422 tecum
551 381 756 435 quicquid
787 381 921 422 debes
951 380 1006 422 de
1039 380 1175 422 veteri
1207 379 1334 422 firma
1363 387 1408 422 et
1438 394 1553 421 noua

101 455 145 491 et
159 449 239 490 hec
256 449 404 491 debita
420 449 691 504 subscripta)
750 449 951 492 Attende
968 450 1109 504 igitur,
1126 450 1228 503 quia
1243 449 1331 490 duo
1346 449 1553 490 dicuntur

101 532 186 572 que
216 519 388 560 duobus
418 518 699 572 sequentibus
730 525 998 573 coaptantur,
1029 518 1112 559 hoc
1142 518 1258 559 enim
1287 518 1411 559 ‘vide
1442 517 1553 559 sicut

101 594 145 629 te
177 587 319 641 ipsum
351 585 522 642 diligis’
554 587 736 629 refertur
765 588 821 629 ad
853 588 936 629 ‘sis
967 587 1026 628 ibi
1058 586 1189 637 tunc‚'
1219 586 1327 628 illud
1357 600 1461 628 vero
1482 589 1490 606 ‘
1509 594 1552 628 et
1574 605 1591 634 ,ς

101 657 213 697 sicut
243 657 391 697 omnia
421 663 498 697 tua
529 656 672 709 diligis
693 654 702 671 '
723 656 867 698 referri
898 656 1072 698 videtur
1099 656 1156 697 ad
1185 655 1271 697 hoc
1299 657 1310 676 ‘
1327 661 1371 697 et
1391 655 1555 697 habeas

101 725 162 766 ibi
203 731 347 768 tecum
382 725 462 766 hec
513 725 661 767 debita
702 723 971 779 subscripta,'
1015 739 1067 766 ac
1108 725 1143 768 si
1193 730 1342 778 aperte
1385 725 1556 766 dicatur

104 792 345 836 ‘Absentia
372 800 460 844 tua,
487 799 548 843 tu,
569 794 815 847 quicunque
841 793 1023 848 suscipis
1049 794 1450 843 summonitionem,
1472 793 1556 835 nisi

103 863 353 905 necessariis
374 869 419 904 et
439 862 536 917 lege
557 862 752 904 diffinitis
777 864 917 904 causis
945 863 1083 916 possit
1105 863 1316 914 excusari,
1337 863 1379 904 in
1399 862 1554 916 capitis

103 933 167 974 tui
190 932 431 987 periculum
446 932 734 982 redundabit;
769 931 927 973 videris
940 932 1057 972 enim
1079 932 1139 973 sic
1153 931 1320 984 regium
1342 931 1556 986 spreuisse
1579 947 1618 970 10

104 1003 362 1043 mandatum
391 1001 501 1043 etin
529 1007 833 1055 contemptum
863 1000 980 1054 regie
1009 1000 1250 1042 maiestatis
1275 1001 1557 1042 irreuerenter

103 1071 255 1125 egisse,
289 1071 324 1111 si
355 1070 512 1111 citatus
542 1083 670 1123 super
695 1070 834 1124 regiis,
863 1070 1020 1124 quibus
1051 1069 1252 1110 addictus
1282 1083 1340 1117 es,
1362 1070 1559 1123 negotiis,

104 1154 184 1183 nec
218 1140 385 1182 veneris
420 1153 499 1181 nec
536 1145 838 1180 excusatorem
881 1139 1060 1180 miseris.
1120 1138 1289 1179 Verum
1325 1139 1361 1179 si
1400 1152 1478 1193 per
1514 1146 1558 1180 te

104 1210 273 1252 steterit
289 1208 522 1263 quominus
543 1207 691 1249 debita
707 1207 951 1260 subscripta
966 1206 1202 1258 soluantur,
1218 1213 1322 1248 tunc
1343 1208 1399 1249 de
1419 1206 1559 1258 firma,

105 1292 240 1333 quam
272 1278 492 1319 soluturus
513 1290 573 1327 es,
594 1276 735 1317 aliena
755 1276 905 1317 debita
929 1277 985 1317 de
1005 1275 1164 1328 quibus
1185 1277 1479 1318 summonitus
1501 1290 1560 1327 es,
1581 1291 1618 1322 15

104 1348 354 1402 capientur3
393 1345 518 1387 firma
545 1358 648 1386 vero
675 1345 732 1386 de
763 1343 931 1385 catallis
951 1344 1037 1385 tuis
1068 1351 1112 1386 et
1132 1345 1364 1387 fundorum
1385 1351 1559 1386 tuorum

106 1416 346 1458 redditibus
366 1414 623 1468 perficietur,
645 1419 690 1454 te
721 1413 908 1464 interim,
929 1413 964 1455 si
995 1413 1180 1454 barones
1208 1413 1494 1464 decreuerint,
1515 1413 1559 1454 in

103 1485 202 1527 loco
220 1490 317 1525 tuto
333 1485 414 1525 sub
430 1484 566 1525 libera
586 1482 785 1524 custodia
802 1480 1041 1525 collocato.'
1095 1482 1208 1524 Cum
1231 1495 1335 1536 ergo
1352 1483 1561 1536 premissa

104 1553 233 1595 suerit
243 1560 287 1595 et
303 1567 330 1594 a
345 1553 599 1595 vicecomite
616 1558 819 1605 suscepta
832 1551 1127 1601 summonitio,
1141 1552 1238 1605 ipsa
1251 1553 1322 1594 die
1336 1551 1562 1594 nominata

103 1623 251 1664 veniat
278 1628 322 1664 et
353 1622 560 1664 ostendat
589 1634 636 1663 se
667 1621 917 1675 presidenti,
938 1621 973 1662 si
1004 1621 1157 1662 adesse
1189 1616 1288 1662 eum
1319 1621 1562 1675 contigerit,
1582 1606 1624 1671 {5⁰

104 1692 173 1734 vel
193 1691 474 1741 thesaurario,
492 1691 525 1730 si
544 1690 768 1744 presidens
786 1689 858 1731 ille
874 1703 1052 1742 presens
1069 1703 1157 1731 non
1172 1689 1312 1731 fuerit.
1374 1690 1560 1737 Deinde,

104 1760 302 1802 salutatis
321 1760 566 1811 maioribus,
582 1760 676 1814 ipsa
690 1759 760 1800 die
777 1759 857 1800 sibi
874 1764 1010 1808 vacet,
1029 1759 1072 1800 in
1089 1759 1278 1800 crastino
1296 1764 1340 1800 et
1356 1759 1562 1813 deinceps

104 1830 178 1871 die
214 1830 409 1884 qualibet
440 1831 496 1871 ad
527 1828 789 1871 scaccarium
822 1828 1051 1869 rediturus.
1113 1827 1246 1882 Quod
1278 1827 1313 1868 si
1344 1827 1455 1869 forte
1484 1841 1562 1868 nec

106 1899 272 1939 venerit
293 1911 372 1939 nec
394 1898 552 1939 iustam
579 1896 821 1950 premiserit
847 1895 1188 1944 excusationem,
1215 1896 1357 1950 prima
1382 1896 1451 1936 die
1472 1896 1564 1949 regi

108 1966 501 2019 condempnabitur
529 1965 573 2005 in
600 1978 635 2007 c.
657 1964 807 2006 solidis
833 1964 1003 2018 argenti
1031 1965 1086 2004 de
1117 1964 1314 2018 quolibet
1340 1965 1564 2014 comitatu,

110 2035 312 2088 sequenti
346 2047 449 2075 vero
484 2033 528 2074 in
569 2047 612 2075 x.
646 2032 767 2075 libris
809 2033 978 2086 argenti
1021 2028 1238 2088 [similiter
1274 2032 1318 2072 in
1354 2029 1564 2087 centum].

109 2104 274 2152 Tertia,
313 2103 424 2145 sicut
457 2102 514 2143 ab
549 2102 632 2144 hiis
668 2102 916 2155 accepimus
950 2101 1025 2154 qui
1060 2115 1140 2142 nos
1173 2108 1484 2155 precesserunt,
1521 2102 1566 2142 in

109 2171 386 2225 beneplacito
400 2171 512 2225 regis
528 2175 654 2211 erunt
670 2183 928 2223 quecunque
946 2169 1122 2210 mobilia
1138 2169 1344 2223 possidet.
1395 2168 1567 2222 Quarto

109 2254 225 2291 vero,
260 2240 363 2293 quia
399 2240 483 2281 iam
517 2253 575 2280 ex
610 2239 693 2279 hoc
727 2245 1006 2291 contemptus
1039 2238 1157 2291 regie
1190 2237 1428 2279 maiestatis
1463 2252 1566 2280 con-

112 2309 307 2359 uincitur,
339 2321 426 2349 non
459 2308 599 2349 solum
636 2307 679 2348 in
716 2308 843 2348 rebus
873 2307 961 2348 suis
997 2306 1074 2347 sed
1105 2306 1147 2349 in
1178 2307 1352 2360 propria
1383 2320 1569 2360 persona
1589 2319 1629 2351 30

111 2379 193 2420 soli
216 2378 331 2432 regie
353 2377 643 2419 misericordie
665 2376 916 2418 subiacebit.
978 2375 1093 2417 Sunt
1117 2382 1265 2417 tamen
1292 2376 1366 2429 qui
1388 2377 1570 2418 credant

111 2448 169 2488 ad
203 2459 378 2487 omnem
414 2459 629 2487 summam
665 2445 805 2486 solam
838 2457 995 2498 penam
1031 2444 1326 2497 pecuniariam
1361 2445 1569 2495 sufficere,

112 2522 160 2557 vt
190 2515 353 2555 scilicet
384 2515 427 2555 in
459 2515 598 2568 prima
629 2514 700 2555 die
730 2514 773 2554 in
804 2526 839 2555 c.
872 2512 1037 2562 solidis,
1069 2512 1261 2554 secunda
1290 2512 1488 2554 similiter
1522 2513 1565 2553 in

114 2597 150 2626 c.
166 2583 327 2631 solidis,
345 2588 389 2623 et
406 2582 467 2624 ita
480 2583 685 2638 deinceps
702 2595 779 2636 per
792 2580 987 2636 singulos
1005 2581 1098 2621 dies
1119 2580 1162 2621 in
1175 2580 1358 2635 singulis
1375 2581 1571 2623 centenis

165 2693 180 2719 1
209 2681 275 2727 ibi]
295 2682 371 2718 hibi
388 2684 424 2718 R
538 2692 558 2727 7
577 2682 625 2719 ibi
640 2695 710 2719 om.
730 2683 778 2717 N
885 2691 929 2718 10
954 2680 1136 2726 sumpisse
1152 2682 1188 2716 R
1316 2691 1359 2718 12
1384 2682 1573 2727 addictus]

115 2730 266 2766 additus
282 2731 318 2764 R
408 2740 449 2774 13
475 2737 688 2766 excusatore
705 2731 782 2765 NR
904 2740 969 2774 per
985 2727 1037 2773 te]
1057 2735 1161 2774 parte
1178 2728 1226 2762 N
1333 2737 1373 2774 15
1400 2729 1576 2765 soliturus

116 2779 195 2813 NR
316 2777 355 2811 18
381 2776 472 2821 tuto]
500 2785 563 2813 tuo
580 2779 615 2812 R
756 2786 798 2821 19
822 2776 954 2811 fuerint
971 2776 1017 2810 N
1139 2782 1175 2810 et
1193 2787 1262 2811 om.
1284 2776 1332 2810 N
1445 2786 1490 2811 22
1518 2775 1578 2820 in]

116 2832 152 2860 et
170 2826 206 2860 R
322 2832 366 2867 23
391 2823 550 2869 quelibet
567 2826 603 2859 R
695 2823 779 2868 nec]
798 2835 873 2857 non
892 2823 923 2857 C
1031 2830 1074 2866 25
1101 2822 1264 2868 qualibet
1280 2823 1316 2857 R
1410 2824 1455 2860 26
1473 2823 1579 2869 vero]

117 2878 157 2907 vt
174 2871 220 2906 N
310 2870 476 2907 similiter
487 2897 495 2906 .
506 2898 514 2906 .
528 2897 536 2906 .
549 2877 698 2907 centum
715 2871 933 2906 seclusimus
1041 2870 1083 2905 28
1107 2869 1301 2915 possident
1323 2869 1354 2906 C

179 2950 219 2969 οε
234 2949 328 2969 succ.
808 2935 840 2966 R
