2022 3281
456 177 509 220 82
941 178 1027 220 DE
1059 175 1423 220 SCAccAR1o
1763 175 1802 236 [1
1822 192 1850 220 v
1869 184 1902 219 v

455 297 640 334 seruato.
709 291 823 335 Item
863 292 919 334 ad
962 291 1076 333 hunc
1119 289 1306 344 pertinet
1345 289 1494 331 breuia
1530 290 1640 345 regis
1681 291 1736 332 de
1776 290 1899 332 exitu

453 360 642 403 thesauri
671 361 856 403 scribere
886 361 941 402 de
970 359 1051 400 hiis
1080 365 1253 400 tantum
1285 358 1414 399 rebus
1443 373 1529 413 que
1553 359 1901 401 consideratione

454 430 682 482 baronum,
703 429 965 471 consedente
993 427 1223 479 scaccario,
1243 440 1268 467 a
1289 426 1556 468 thesaurario
1585 434 1629 470 et
1658 427 1901 470 camerariis

452 498 621 540 liberari
654 498 828 539 debent.
890 496 1211 538 Nichilominus
1241 494 1310 535 hic
1340 495 1489 537 breuia
1519 497 1632 550 regis
1662 497 1809 539 scribit
1845 496 1901 538 de

415 579 433 611 5
455 566 757 621 computandis
774 564 841 607 vel
859 564 1153 619 perdonandis
1169 563 1248 604 hiis
1263 577 1348 617 que
1363 563 1548 606 barones
1565 565 1619 605 ad
1637 566 1899 607 scaccarium

453 634 750 688 computanda
779 633 848 675 vel
878 633 1162 688 perdonanda
1192 633 1472 674 decreuerint.
1534 633 1610 674 Ad
1630 633 1745 675 hunc
1766 634 1900 675 etiam

453 709 621 757 spectat
640 709 687 744 vt
713 701 896 755 peractis
917 701 1131 756 compotis
1155 701 1461 743 vicecomitum
1491 707 1534 742 et
1555 702 1718 743 taxatis
1745 702 1903 744 debitis

453 771 574 825 regiS,
613 772 667 812 de
697 769 855 823 quibus
886 770 1241 811 summonitiones
1279 768 1401 820 fiunt,
1432 769 1609 810 easdem
1645 783 1722 823 per
1756 776 1901 812 totum

451 852 633 893 regnum
665 839 911 892 dirigendas
941 838 1139 891 diligenti
1169 837 1295 878 simul
1328 844 1373 879 et
1403 837 1621 880 laboriosa
1645 839 1902 881 discretione

395 931 434 954 10
452 907 692 950 conscribat
722 921 780 948 ex
816 907 974 960 quibus
1006 912 1049 948 et
1079 919 1265 960 quorum
1300 906 1441 960 gratia
1476 907 1696 961 sequentis
1727 907 1900 949 termini

421 1022 429 1031 ο
452 975 713 1018 scaccarium
736 981 1014 1017 conuocatur.

386 1033 432 1107 ἲ
506 1043 766 1098 Discipulus.
842 1044 1001 1086 Breuia
1040 1044 1150 1098 regis
1192 1044 1246 1086 de
1287 1043 1408 1085 exitu
1448 1043 1640 1086 thesauri
1681 1043 1764 1086 sub
1812 1057 1906 1098 quov

450 1120 602 1154 tenore
621 1114 853 1155 verborum
876 1112 998 1154 fiunt.

509 1182 740 1235 Magister.
799 1180 1114 1222 Thesaurarius
1135 1187 1180 1222 et
1200 1180 1438 1232 camerarii,
1463 1180 1541 1221 nisi
1558 1181 1670 1234 regis
1693 1193 1901 1235 expresso

393 1258 431 1292 15
454 1251 662 1292 mandato
675 1250 743 1292 vel
760 1249 1019 1304 presidentis
1040 1249 1270 1301 iusticiarii‚
1295 1255 1542 1303 susceptam
1565 1249 1793 1302 pecuniam
1814 1263 1901 1292 non

451 1320 722 1373 expendunt.
774 1317 963 1371 Oportet
986 1318 1099 1359 enim
1116 1324 1163 1359 vt
1177 1317 1368 1359 habeant
1384 1318 1690 1359 auctoritatem
1708 1318 1902 1371 rescripti

450 1388 554 1441 regii
586 1388 640 1428 de
668 1387 903 1428 distributa
934 1386 1116 1441 pecunia
1140 1400 1239 1427 cum
1262 1386 1318 1428 ab
1347 1387 1406 1428 eis
1430 1392 1662 1439 compotus
1688 1386 1900 1440 generalis

452 1457 665 1509 exigetur.
727 1456 809 1496 Est
839 1461 986 1497 autem
1009 1455 1079 1497 hic
1109 1461 1246 1496 tenor.
1327 1455 1411 1495 ‘H.
1449 1468 1527 1496 rex
1545 1455 1554 1471 '
1585 1462 1628 1496 et
1658 1455 1900 1497 cetera‘N.

447 1525 714 1566 thesaurario
748 1531 791 1566 et
827 1524 885 1564 illi
910 1531 954 1565 et
985 1523 1044 1564 illi
1080 1523 1322 1565 camerariis
1351 1523 1548 1565 salutem.
1610 1523 1814 1564 Liberate
1845 1524 1901 1565 de

390 1614 430 1637 20
449 1594 654 1635 thesauro
676 1607 774 1634 meo
795 1593 854 1634 illi
874 1593 942 1634 vel
963 1592 1022 1633 illi
1045 1592 1154 1634 hanc
1174 1592 1241 1634 vel
1263 1592 1375 1634 hanc
1399 1605 1628 1633 summam.
1690 1591 1899 1634 Testibus

449 1662 517 1703 his
539 1662 656 1715 apud
679 1663 734 1704 N.
758 1663 813 1703 ad
835 1660 1124 1703 scaccarium)
1174 1661 1372 1702 Additur
1395 1666 1542 1702 autem
1565 1660 1620 1702 ad
1638 1661 1898 1702 scaccarium

447 1734 496 1769 vt
535 1729 593 1768 sic
639 1727 716 1769 fiat
765 1728 969 1769 discretio
1010 1727 1206 1768 breuium
1257 1741 1344 1780 que
1383 1726 1426 1767 in
1466 1726 1581 1767 curia
1623 1726 1733 1779 regis
1775 1725 1898 1767 fiunt.

450 1795 638 1849 Oportet
661 1797 792 1837 etiam
817 1803 863 1837 vt
886 1796 1000 1837 facto
1021 1796 1144 1836 breui
1172 1796 1228 1837 de
1255 1796 1378 1837 exitu
1400 1794 1603 1845 thesauri,
1624 1801 1672 1836 vt
1693 1794 1899 1846 diximus,

446 1864 575 1906 faciat
616 1865 729 1906 idem
765 1865 949 1918 scriptor
989 1865 1243 1918 rescriptum
1284 1864 1389 1914 eius,
1420 1865 1538 1917 quod
1579 1863 1711 1917 vulgo
1741 1863 1899 1905 dicitur

388 1946 427 1978 25
447 1934 743 1983 contrabreue‚
765 1940 809 1974 et
830 1932 936 1974 illud
964 1946 1097 1986 penes
1119 1945 1164 1973 se
1192 1932 1430 1974 reseruabit
1452 1933 1630 1974 clericus
1652 1932 1899 1973 cancellarii

447 2003 491 2043 in
512 2002 811 2044 testimonium
832 2001 1011 2043 liberate
1032 2001 1145 2042 facte
1167 2015 1243 2056 per
1263 2002 1395 2042 breue
1413 2002 1524 2056 regis
1545 2001 1757 2054 originale
1778 2002 1897 2055 quod

446 2070 737 2112 thesaurarius
759 2077 802 2112 et
831 2070 1054 2111 camerarii
1082 2069 1257 2111 habent.
1320 2070 1474 2111 Breuia
1502 2084 1676 2124 quoque
1697 2070 1753 2111 de
1777 2084 1898 2112 com-

446 2140 656 2194 putandis
695 2139 765 2180 vel
813 2138 1105 2193 perdonandis
1145 2139 1228 2180 hiis
1274 2152 1359 2192 que
1399 2139 1583 2179 barones
1630 2139 1899 2181 decreuerint

448 2209 746 2262 computanda
795 2207 863 2248 vel
913 2207 1213 2261 perdonanda,
1264 2207 1517 2261 precognita
1566 2207 1728 2249 domini
1784 2209 1898 2263 regis

388 2287 429 2318 30
446 2277 686 2325 voluntate,
708 2276 789 2317 sub
819 2275 901 2316 hoc
933 2282 1083 2316 tenore
1107 2275 1339 2317 verborum
1361 2275 1484 2316 fiunt.
1545 2277 1555 2294 ‘
1574 2275 1632 2316 H.
1661 2276 1729 2316 dei
1760 2277 1899 2329 gratia

402 2343 553 2388 Brex'
585 2352 664 2386 etc.
697 2344 958 2386 ‘baronibus
990 2345 1043 2385 de
1074 2344 1288 2385 scaccario
1314 2344 1510 2384 salutem.
1561 2343 1899 2396 Computateilli

446 2414 513 2454 vel
536 2414 619 2454 illis
643 2414 755 2455 hanc
781 2413 850 2454 vel
875 2413 987 2454 hanc
1013 2425 1226 2453 summam
1257 2426 1387 2465 quam
1414 2412 1611 2453 liberauit
1637 2413 1691 2452 ad
1719 2412 1803 2453 hoc
1828 2412 1898 2453 vel

448 2483 503 2523 ad
529 2482 634 2524 illud
656 2482 878 2535 negotium
902 2495 1060 2523 meum.
1112 2481 1319 2522 Testibus
1340 2480 1419 2521 hiis
1445 2480 1502 2520 ibi
1530 2481 1585 2521 ad
1608 2481 1896 2523 scaccarium.'

448 2550 575 2592 Item.
626 2553 637 2571 ‘
653 2551 754 2591 Rex
775 2550 1012 2592 baronibus
1035 2549 1090 2590 de
1106 2548 1331 2597 scaccario,
1345 2548 1544 2589 salutem.
1588 2548 1788 2590 Perdono
1810 2549 1871 2591 illi
1886 2548 1895 2564 ’

387 2628 428 2661 35
448 2618 516 2660 vel
557 2618 721 2660 ‘clamo
752 2620 949 2673 quietum
984 2617 1100 2659 hune
1130 2617 1199 2658 vel
1237 2617 1359 2657 illum
1401 2618 1457 2658 de
1492 2617 1575 2658 hoc
1613 2617 1680 2658 vel
1715 2618 1772 2659 de
1808 2618 1895 2660 illo.

497 2706 511 2732 1
533 2697 604 2731 huc
620 2698 667 2731 N
747 2707 767 2732 2
785 2697 1000 2733 thesaurarii
1018 2698 1054 2731 R
1141 2705 1161 2739 3
1187 2695 1411 2730 concedente
1426 2696 1473 2729 N
1546 2696 1568 2730 6
1588 2696 1716 2730 hucN
1784 2706 1826 2730 10
1841 2695 1894 2740 et]

447 2743 484 2778 in
501 2745 536 2777 R
621 2753 662 2787 13
680 2745 873 2779 verborum
891 2756 959 2778 om.
976 2744 1024 2778 N
1090 2743 1224 2777 fiuntur
1241 2743 1289 2776 N
1371 2751 1413 2786 14
1429 2740 1514 2786 nisi]
1536 2742 1613 2777 sine
1633 2743 1664 2777 C
1733 2752 1779 2778 20
1795 2742 1894 2788 meo]

446 2797 571 2826 nostro
589 2791 635 2824 N
730 2793 843 2826 Teste
859 2792 906 2825 N
996 2800 1038 2834 23
1065 2788 1192 2835 etiam]
1212 2788 1309 2824 enim
1330 2789 1361 2824 C
1453 2790 1496 2824 28
1523 2788 1609 2835 que]
1633 2789 1693 2835 qui
1711 2790 1747 2824 R
1828 2790 1894 2826 de-

446 2843 638 2873 creuerunt
655 2837 690 2871 R
789 2847 829 2882 31
858 2849 920 2873 rex
939 2849 1007 2872 om.
1025 2837 1103 2872 NR
