2022 3281
114 189 132 222 1
153 180 195 223 vi
215 176 257 237 J]
596 178 684 220 DE
716 176 1077 222 scACCARIO
1515 179 1567 232 87

108 293 223 336 duos
255 292 440 348 percipit
468 291 666 335 denarios
695 306 774 347 pro
800 291 1003 334 examine
1029 291 1141 334 sicut
1168 291 1374 334 diximus.
1434 291 1569 346 Quod

114 363 149 404 si
186 362 341 416 quouis
377 375 481 403 casu
519 361 636 403 aliud
670 362 831 403 faceret
867 362 997 403 etiarn
1031 361 1065 403 si
1087 361 1218 404 tertio
1250 360 1570 403 examinauerit

111 444 199 472 non
221 430 430 486 percipiet
458 430 705 484 quicquam,
727 431 802 472 sed
832 437 1062 473 contentus
1090 430 1171 472 erit
1198 429 1332 472 semel
1352 430 1569 484 susceptis

113 499 299 542 duobus

168 568 428 623 Disczfflclus.
490 568 630 610 Miror
660 583 686 610 a
717 568 849 611 tantis
879 574 1048 611 tantam
1073 567 1268 611 adhiberi
1296 568 1566 623 diligentiam
1587 582 1606 616 5

111 637 155 678 in
177 638 303 679 unius
324 637 432 679 libre
453 637 788 687 examinatione,
810 651 910 680 cum
931 651 1010 679 nec
1033 651 1216 692 magnus
1237 650 1295 678 ex
1316 652 1368 679 ea
1388 643 1569 692 questus

111 719 191 748 nec
213 706 351 747 multa
372 706 537 748 iactura
557 707 793 760 proueniat.

168 775 399 829 Magister.
460 775 563 816 Non
607 782 786 829 propter
824 774 935 817 hanc
981 781 1154 818 tantum
1199 774 1311 817 fiunt
1357 775 1447 823 hec,
1490 776 1567 818 sed

109 850 288 898 propter
316 857 467 885 omnes
500 843 593 885 illas
625 858 710 898 que
739 845 795 885 ab
827 845 982 886 eodem
1013 845 1270 887 vicecomite
1299 844 1380 886 sub
1410 844 1566 886 eodem

111 912 286 954 nomine
311 911 434 954 firme
456 912 584 954 simul
607 926 707 953 cum
729 912 810 955 hac
832 913 1148 966 persoluuntur.
1210 913 1435 967 Quantum
1453 913 1566 954 enim
1587 928 1627 950 10

109 981 166 1023 ab
188 981 269 1022 hac
292 980 402 1022 libra
424 995 502 1035 per
522 981 667 1035 ignem
689 982 985 1036 purgatorium
1007 983 1184 1031 decidit,
1209 984 1484 1024 tantumdem
1506 996 1565 1023 ex

110 1049 289 1103 singulis
309 1050 405 1091 aliis
425 1049 547 1091 libris
573 1051 739 1091 nouerit
762 1051 1001 1092 vicecomes
1027 1051 1082 1092 de
1104 1064 1274 1092 summa
1295 1065 1372 1092 sua
1397 1052 1566 1092 subtra-

110 1118 328 1168 hendum3
366 1125 413 1161 vt
444 1119 479 1160 si
509 1126 687 1160 centum
720 1119 850 1160 libras
882 1125 1130 1161 numeratas
1159 1119 1336 1161 soluerit
1367 1127 1412 1161 et
1453 1120 1564 1162 libra

109 1188 328 1228 examinis
356 1187 434 1228 xii.
463 1187 649 1229 denariis
683 1187 896 1230 exciderit
931 1202 1018 1230 non
1056 1195 1365 1243 computentur
1403 1189 1441 1230 ei
1483 1188 1565 1230 nisi

108 1256 349 1310 nonaginta
370 1256 573 1309 quinque.
1585 1270 1625 1303 15

165 1324 422 1377 Discipulus.
475 1325 605 1367 Nunc
621 1325 769 1367 videre
779 1325 931 1366 videor
946 1332 1149 1379 questum
1166 1339 1223 1367 ex
1239 1325 1321 1367 hiis
1335 1326 1566 1380 prouenire

108 1407 238 1448 posse
258 1406 344 1435 non
368 1393 603 1444 modicum,
623 1394 699 1434 sed
722 1394 789 1435 cui
810 1393 963 1435 cedere
984 1394 1144 1436 debeat
1165 1395 1331 1448 ignoro.

163 1462 394 1515 Magister.
456 1461 603 1504 Semel
625 1462 790 1503 dictum
814 1468 891 1513 est,
913 1468 957 1504 et
979 1476 1151 1517 semper
1180 1464 1457 1518 intelligatur,
1483 1464 1564 1505 soli

106 1531 225 1585 regie
245 1531 420 1572 vtilitati
443 1531 485 1572 in
506 1532 711 1573 omnibus
732 1531 815 1572 hiis
837 1531 999 1574 seruiri.
1074 1532 1200 1575 Licet
1220 1540 1368 1574 autem
1397 1547 1422 1574 a
1446 1533 1564 1575 talea

104 1600 375 1642 vicecomitis
406 1601 652 1642 combustio
683 1601 950 1652 detrahatur,
971 1601 1158 1643 mittitur
1187 1608 1335 1644 tamen
1366 1616 1561 1644 seorsum
1585 1619 1624 1641 20

105 1669 149 1710 in
171 1669 330 1710 taleam
353 1668 536 1710 alteram
557 1670 801 1711 breuiorem
822 1677 869 1711 vt
891 1670 947 1711 de
968 1684 1141 1712 summa
1159 1671 1250 1712 eius
1270 1671 1563 1713 thesaurarius

106 1744 150 1780 et
171 1737 394 1780 camerarii
420 1738 725 1792 respondeant.
788 1738 1024 1780 Sciendum
1055 1753 1158 1780 vero
1191 1741 1309 1793 quod
1340 1754 1418 1794 per
1448 1740 1563 1782 hanc

104 1807 266 1848 taleam
302 1807 616 1848 combustionis
646 1807 876 1849 dealbatur
907 1807 1032 1848 firma
1061 1808 1336 1859 vicecomitis,
1367 1809 1481 1850 vnde
1517 1809 1562 1850 in

104 1875 405 1917 testimonium
426 1874 551 1916 huius
574 1875 634 1915 rei
656 1889 827 1929 semper
848 1876 999 1916 maiori
1021 1876 1135 1918 talee
1156 1890 1350 1930 appensa
1371 1877 1561 1919 coheret.

162 1943 421 1997 Discipztlus.
485 1943 635 1985 Pulsat
665 1944 807 1986 adhuc
833 1958 904 1985 me
935 1945 1105 1998 questio
1136 1959 1222 1987 non
1254 1945 1474 1988 dissimilis
1502 1942 1621 2018 illi}5

104 2025 238 2065 quam
263 2013 304 2052 in
328 2012 505 2065 agendis
526 2012 735 2053 inferioris
753 2013 956 2054 scaccarii
978 2014 1256 2068 proposuisse
1273 2028 1341 2055 me
1358 2015 1560 2063 memini3

105 2095 237 2134 quare
262 2080 462 2122 videlicet
484 2081 593 2122 libra
610 2095 696 2122 una
717 2081 814 2134 plus
835 2081 970 2123 altera
991 2083 1166 2124 decidat
1182 2096 1281 2123 cum
1303 2097 1381 2137 par
1402 2083 1561 2126 debeat

106 2163 201 2191 esse
222 2149 417 2192 conditio
439 2150 637 2190 omnium
664 2151 935 2203 operantium
959 2151 1002 2191 in
1025 2158 1214 2193 moneta.

161 2218 392 2271 Magister.
453 2217 530 2259 Ad
566 2218 676 2260 hanc
712 2219 821 2260 sicut
857 2219 911 2260 ad
946 2219 1064 2261 illam
1100 2220 1371 2273 questionem
1403 2222 1560 2265 sufficit

104 2286 368 2341 respondere
383 2286 475 2328 fieri
493 2300 623 2340 posse
645 2287 727 2328 hoc
749 2301 826 2340 per
840 2287 1035 2328 falsarios
1052 2294 1095 2329 et
1113 2301 1387 2330 nummorum
1403 2290 1557 2332 deton-
1578 2301 1620 2334 30

102 2369 232 2397 sores.
294 2356 489 2397 Fuerunt
515 2363 663 2398 autem
695 2356 768 2410 qui
801 2358 1038 2406 crederent,
1060 2357 1214 2410 quibus
1246 2371 1325 2399 nec
1356 2372 1439 2413 ego
1470 2359 1558 2401 dis-

104 2425 256 2474 sentio,
268 2438 353 2466 non
371 2424 733 2478 esselegittimam
748 2426 867 2479 regni
881 2425 1008 2466 huius
1020 2433 1241 2467 monetam
1256 2427 1291 2467 si
1305 2428 1560 2470 examinata

101 2493 213 2535 libra
243 2494 415 2536 decidat
446 2493 543 2547 plus
577 2507 710 2547 quam
743 2495 797 2535 vi.
833 2508 858 2535 a
894 2495 1090 2548 pondere
1121 2508 1206 2548 que
1236 2503 1462 2539 numerata
1493 2511 1557 2538 re-

102 2563 288 2617 spondet
300 2578 313 2612 ‚·
365 2568 409 2604 et
459 2562 591 2604 etiam
641 2563 833 2605 delatam
885 2564 940 2604 ad
993 2564 1252 2606 scaccarium
1307 2565 1557 2608 huiusmodi

152 2701 172 2735 3
197 2702 270 2726 non
292 2691 388 2736 perc’
410 2692 441 2727 C
453 2704 546 2727 corr.
564 2703 683 2739 marg.
873 2693 1070 2738 quicquam
1087 2694 1183 2728 RN:
1210 2695 1383 2730 lacunam
1400 2696 1508 2731 habet
1530 2698 1561 2733 C

108 2747 149 2781 13
168 2739 368 2773 censumR
434 2741 474 2774 18
484 2742 573 2784 post
590 2740 656 2775 soli
670 2740 754 2774 add.
769 2739 911 2775 ratione
925 2741 972 2774 N
1038 2750 1084 2775 20
1101 2741 1311 2776 detrahetur
1327 2743 1358 2777 C
1428 2753 1472 2786 24
1489 2756 1553 2790 ap-

103 2796 218 2830 pensa
231 2796 300 2820 om.
315 2786 351 2819 R
399 2795 438 2831 31
459 2786 691 2822 crediderent
705 2787 753 2820 N
812 2796 854 2829 32
881 2786 988 2822 huius
1006 2787 1108 2831 regni
1127 2789 1158 2823 C
1215 2798 1257 2833 33
1284 2789 1377 2824 libra
1390 2790 1554 2835 decidat]

103 2831 322 2867 subdecidat
338 2833 375 2867 R
445 2844 515 2879 que
527 2835 745 2879 scripsimus
760 2844 768 2869 :
796 2834 853 2870 cui
872 2834 1026 2869 Stubbs:
1053 2845 1166 2880 quam
1178 2836 1343 2871 Madox:
1371 2849 1444 2883 qua
1455 2839 1558 2874 codd.
