2022 3281
459 165 516 222 96
946 166 1033 207 DE
1066 163 1431 209 SCACCARIO
1722 163 1761 224 [1
1783 167 1855 210 viii
1878 172 1908 208 E

458 280 792 323 summationem
833 279 1020 321 termino
1055 277 1194 319 sancti
1234 277 1459 321 Michaelis
1499 280 1718 322 reseruari.
1793 279 1908 322 Cum

458 349 590 404 igitur
618 349 822 403 possibile
848 348 915 400 sit,
943 349 1078 388 immo
1103 353 1148 387 et
1175 345 1422 400 frequenter
1449 349 1684 402 contingat,
1718 349 1906 403 aliquem

459 433 517 461 ex
553 418 664 471 regis
700 417 908 458 mandato
944 417 986 456 in
1027 415 1215 457 termino
1248 415 1413 457 Pasche
1443 418 1499 458 ad
1527 417 1608 460 hec
1638 419 1799 460 assumi
1830 418 1906 472 qui

457 488 500 528 in
519 487 706 529 termino
727 486 864 526 sancti
888 484 1113 525 Michaelis
1135 484 1202 524 vel
1225 482 1302 525 fati
1324 483 1471 527 debita
1495 486 1627 528 soluit
1648 487 1718 529 vel
1743 487 1798 528 ad
1821 487 1908 528 alia

423 571 440 604 5
459 556 576 609 regni
607 554 780 607 negotia
815 553 1024 593 mandato
1046 553 1158 606 regis
1197 552 1452 595 transfertur
1482 554 1565 604 vel,
1601 557 1718 609 quod
1753 556 1907 597 fortius

457 624 718 679 quibusdam
735 622 874 663 visum
892 627 969 671 est,
991 622 1136 663 medio
1161 628 1359 676 tempore
1379 623 1562 678 principi
1583 624 1723 666 factus
1745 638 1907 667 exosus

456 700 547 735 tam
570 691 883 733 excellentibus
910 691 1101 743 negociis
1123 691 1324 744 indignus
1345 691 1559 734 iudicatur
1577 706 1586 743 ;
1620 707 1755 746 quero
1779 695 1814 735 si
1832 693 1906 748 qui

457 761 500 802 in
529 761 714 802 termino
747 759 910 801 Pasche
943 760 1115 812 quietus
1140 766 1206 801 est
1231 773 1318 813 quo
1349 773 1488 813 pauca
1517 761 1805 804 terminantur
1840 769 1907 804 set

456 830 603 871 omnia
634 843 711 883 per
741 829 941 870 iteratam
972 829 1354 871 summonitionem
1396 829 1667 880 innouantur‚
1704 830 1774 871 hic
1805 831 1905 872 talis

401 910 440 934 10
457 898 500 939 in
531 898 716 940 termino
747 897 885 938 sancti
922 897 1146 938 Michaelis
1183 896 1352 938 absolui
1384 905 1612 946 mereatur,
1643 912 1743 940 cum
1775 898 1906 939 etiam

456 974 501 1009 et
542 967 742 1009 scaccarii
787 967 1025 1008 sessionem
1073 973 1118 1008 et
1162 967 1303 1020 ipsam
1349 967 1551 1021 principis
1594 968 1783 1022 gratiam
1833 968 1907 1009 de-

458 1036 673 1078 meruerit.

514 1105 744 1159 Magister.
806 1104 880 1146 Ad
912 1104 1039 1146 huius
1067 1104 1306 1158 questionis
1339 1111 1509 1158 partem
1539 1110 1770 1158 Vtramque
1805 1118 1910 1146 con-

457 1175 708 1217 struendam
726 1174 903 1227 copiosa
919 1173 1095 1215 forsitan
1112 1179 1178 1214 est
1194 1174 1412 1215 rationum
1430 1174 1635 1225 inventio,
1651 1180 1718 1215 set
1733 1174 1909 1215 noueris

398 1253 437 1287 15
458 1244 574 1298 regie
599 1242 891 1284 munificentie
923 1242 1168 1284 libertatem
1195 1249 1295 1296 post
1325 1242 1459 1284 semel
1487 1242 1702 1284 indultam
1734 1243 1910 1285 absolu-

456 1313 587 1355 tionis
627 1312 810 1366 gratiam
851 1311 983 1353 etiam
1023 1324 1123 1351 cum
1163 1311 1345 1364 pecunie
1384 1311 1615 1365 dispendio
1655 1312 1697 1352 in
1738 1317 1908 1366 partem

411 1388 439 1419 F
459 1381 679 1423 meliorem
729 1393 901 1434 semper
952 1393 1044 1421 esse
1080 1379 1340 1433 proniorem.
1417 1379 1594 1433 Quippe
1644 1380 1792 1422 similis
1841 1385 1908 1421 est

459 1451 674 1492 donorum
720 1456 763 1490 et
804 1448 1093 1502 perdonorum
1127 1448 1240 1501 regis
1276 1447 1386 1488 ratio
1424 1455 1484 1495 vt,
1516 1449 1626 1489 sicut
1666 1449 1783 1489 dona
1815 1449 1908 1489 eius

456 1518 648 1560 reuocari
679 1518 747 1558 vel
779 1517 915 1571 repeti
947 1530 1033 1557 non
1064 1516 1239 1567 debent,
1261 1516 1322 1557 sic
1353 1529 1430 1557 nec
1466 1516 1576 1570 regis
1608 1516 1801 1568 dimissa,
1824 1530 1909 1570 que

401 1605 441 1628 20
457 1588 588 1642 vulgo
624 1587 865 1641 perdonata
901 1587 1116 1635 dicuntur,
1153 1591 1373 1639 nequeunt
1408 1585 1450 1625 in
1488 1585 1653 1626 irritum
1690 1586 1908 1627 deuocari.

459 1657 590 1698 Liber
612 1656 743 1710 igitur
767 1662 810 1696 et
835 1655 1059 1696 absolutus
1090 1655 1124 1695 is
1147 1661 1212 1696 est
1240 1654 1283 1694 in
1308 1654 1493 1695 termino
1522 1654 1909 1696 consummationis

456 1725 530 1779 qui
552 1738 810 1778 quocunque
833 1725 965 1765 modo
987 1724 1030 1763 in
1051 1723 1300 1777 precedenti
1323 1724 1479 1764 meruit
1500 1723 1680 1764 absolui.

515 1793 772 1846 Dz'scszulus.
834 1793 1019 1833 Mouent
1067 1805 1136 1832 me
1172 1791 1362 1844 quedam
1405 1804 1489 1844 que
1540 1792 1736 1844 predicta
1780 1799 1909 1842 sunt3

457 1862 599 1916 primo
635 1862 753 1915 quod
794 1861 899 1903 dicis
940 1860 1107 1913 aliquid
1147 1860 1274 1901 alicui
1316 1860 1477 1901 dimitti
1517 1860 1722 1909 subhoc
1757 1865 1909 1902 tenore

398 1948 437 1980 ²5
457 1931 686 1972 verborum
711 1930 787 1970 ‘In
815 1930 1017 1984 perdonis
1046 1942 1123 1983 per
1150 1929 1284 1970 breue
1314 1929 1429 1982 regis
1457 1927 1517 1968 illi
1544 1928 1613 1969 vel
1643 1929 1702 1969 illi
1729 1929 1811 1969 hoc
1842 1928 1911 1970 vel

456 1998 589 2049 illud‚'
613 2013 710 2041 curn
733 2005 881 2040 tamen
902 1997 1068 2039 nullum
1090 1997 1223 2039 breue
1244 1997 1355 2051 regis
1376 1997 1637 2038 dimissionis
1660 1997 1909 2039 obtinuerit.

459 2068 560 2122 Quo
583 2069 717 2109 modo
739 2068 854 2109 enim
876 2067 966 2108 fieri
988 2074 1137 2121 posset
1157 2072 1205 2108 vt
1226 2067 1287 2108 sic
1313 2066 1421 2108 falsa
1442 2080 1528 2108 non
1556 2066 1909 2120 deprehendatur

457 2138 669 2191 scriptura
691 2137 821 2178 rotuli
844 2150 933 2177 non
953 2137 1097 2177 video.

512 2207 742 2260 Magister.
803 2207 958 2246 Mouet
984 2212 1038 2255 te,
1060 2218 1138 2245 nec
1169 2203 1381 2252 inmerito,
1404 2203 1522 2257 quod
1551 2218 1621 2245 me
1642 2204 1715 2245 diu
1742 2204 1910 2255 mouit3

397 2289 439 2322 30
456 2281 602 2328 atque,
613 2281 661 2316 vt
682 2275 825 2325 credo,
841 2275 1037 2315 nondum
1060 2273 1203 2328 patuit
1225 2273 1427 2313 omnibus
1453 2271 1532 2314 hec
1553 2272 1764 2325 scripture
1784 2272 1909 2322 ratio,

456 2344 582 2393 vnde,
612 2343 712 2385 licet
734 2356 821 2384 non
847 2343 902 2384 sit
927 2355 1134 2396 magnum
1155 2342 1274 2394 quod
1301 2341 1425 2394 petis,
1448 2347 1643 2381 attamen
1673 2348 1740 2381 est
1765 2340 1908 2381 insoli-

457 2419 550 2453 tum
567 2419 610 2453 et
626 2413 798 2453 videtur
812 2411 1049 2452 absurdum
1067 2417 1113 2451 vt
1130 2423 1206 2463 per
1221 2410 1353 2450 breue
1367 2409 1479 2462 regis
1497 2409 1664 2449 dicatur
1678 2409 1906 2450 dimissum

457 2482 576 2532 quod
608 2481 697 2521 sine
727 2480 847 2521 breui
878 2492 1049 2533 semper
1075 2485 1140 2519 est
1171 2477 1493 2519 dimittendum.
1555 2477 1623 2517 Ea
1650 2483 1829 2531 propter
1854 2478 1910 2519 de

458 2548 538 2590 hac
578 2549 672 2603 ipsa
711 2548 922 2590 sollicitus
963 2547 1024 2588 fui
1065 2548 1178 2589 circa
1213 2546 1441 2587 dominum
1484 2545 1734 2599 Elyensem,
1768 2546 1909 2586 virum

398 2630 438 2664 35
457 2617 605 2669 itaque
635 2616 762 2657 huius
790 2617 917 2658 officii
953 2616 1275 2671 peritissimum,
1306 2615 1426 2655 cuius
1463 2614 1673 2655 memoria
1703 2614 1745 2654 in
1776 2615 1908 2656 bene-

458 2685 647 2726 dictione
669 2686 724 2725 sit
744 2685 785 2726 in
808 2692 1017 2727 eternum.
1081 2685 1168 2725 Hic
1189 2683 1361 2724 illustris
1384 2682 1497 2724 illius
1523 2682 1773 2737 Anglorum
1795 2683 1908 2736 regis

505 2784 525 2809 2
549 2774 661 2808 immo
679 2785 746 2808 om.
768 2775 798 2809 C
884 2783 903 2817 7
932 2774 1124 2819 indignum
1142 2774 1177 2809 R
1257 2774 1277 2809 8
1303 2771 1390 2819 quo]
1410 2779 1493 2818 post
1513 2773 1544 2809 C
1629 2782 1651 2817 9
1676 2771 1756 2818 per]
1775 2778 1860 2818 post
1880 2771 1912 2808 C

460 2830 500 2865 17
528 2820 673 2866 similis]
693 2821 801 2856 simul
821 2821 882 2856 N:
911 2821 1079 2856 similiter
1097 2822 1131 2856 R
