2022 3281
166 191 205 223 11
228 178 366 221 xxviii
387 174 439 235 A]
652 178 739 220 DE
772 177 1132 221 SCACCARIO
1537 190 1617 233 159

167 293 400 348 perficitur.
461 290 615 333 Soluta
643 290 726 332 hoc
754 292 938 334 termino
966 306 991 333 a
1018 291 1272 334 vicecomite
1299 291 1435 343 firma,
1457 292 1510 333 de
1532 305 1619 344 qua

165 375 352 403 examen
384 360 547 401 factum
578 368 654 413 est,
676 361 718 401 in
750 361 899 414 primis
929 375 954 402 a
985 360 1244 403 calculatore
1272 375 1349 414 per
1376 360 1619 401 numerales

165 444 346 472 aceruos
368 430 410 470 in
428 430 679 471 distantium
697 431 914 483 virgarum
931 430 1079 483 spatiis
1096 429 1380 472 distribuitur.
1432 429 1619 477 Deinde,

164 500 281 540 facta
308 499 577 540 detractione
605 512 680 551 per
707 499 1064 549 combustionem,
1085 499 1196 540 sicut
1217 498 1510 551 supradictum
1538 505 1616 546 est,

164 569 318 609 eadem
345 567 572 608 dealbatur
594 574 650 617 et,
671 581 866 621 appensa
891 568 970 608 sibi
997 566 1157 609 taleola
1184 567 1512 617 combustionis,
1533 580 1617 619 que
1637 583 1654 615 5

163 643 312 678 tamen
334 636 578 677 vicecomiti
610 649 698 677 non
729 641 1022 690 computatur,
1042 650 1212 677 summa
1243 650 1328 689 que
1363 635 1618 688 relinquitur

163 704 207 745 in
239 704 401 745 taleam
439 705 674 759 redigitur;
716 705 910 746 similiter
944 712 988 747 et
1022 706 1140 758 quod
1173 705 1365 746 solutum
1400 705 1538 745 fuerat
1575 704 1618 744 in

163 773 351 815 termino
381 773 546 815 Pasche
575 780 618 814 et
646 774 911 823 dealbatum,
933 774 975 814 in
1005 775 1158 815 eadem
1187 773 1313 822 talea,
1334 773 1393 814 sic
1422 780 1465 815 et
1496 786 1617 814 com-

165 842 309 883 bustio
338 843 394 883 de
423 844 577 884 eodem
607 844 792 883 termino
822 857 920 884 cum
947 843 1250 885 combustione
1271 841 1408 882 finalis
1430 841 1616 889 termini,

165 912 352 953 mittitur
368 925 378 962 ;
413 918 460 953 vt
487 926 572 953 vna
600 913 653 954 sit
680 912 902 965 Vtriusque
929 912 1156 953 solutionis
1182 912 1295 953 talea
1325 917 1380 963 et,
1409 910 1616 961 similiter,
1640 926 1679 949 ιο

164 993 250 1019 vna
271 980 592 1022 combustionis.
654 980 755 1034 Quo
777 980 894 1023 facto
916 980 1205 1022 thesaurarius
1228 980 1420 1022 rotulum
1441 985 1616 1021 exacto-

164 1048 287 1099 rium,
313 1049 430 1090 cuius
461 1063 591 1104 supra
621 1050 910 1100 meminimus,
935 1049 1165 1102 proferens,
1189 1063 1420 1101 summam,
1446 1062 1532 1101 que
1563 1049 1618 1089 de

164 1118 373 1159 comitatu
418 1118 492 1159 illo
540 1118 778 1173 (debetur)
821 1132 898 1172 per
941 1132 1119 1160 aceruos
1164 1131 1295 1171 supra
1339 1123 1383 1158 et
1427 1117 1616 1159 seriatim

163 1188 335 1239 disponi
372 1186 487 1228 facit.
566 1187 644 1228 Ab
671 1187 751 1228 hac
780 1187 911 1241 igitur
941 1185 1147 1239 inprimis,
1176 1186 1296 1239 quod
1327 1186 1520 1226 solutum
1552 1192 1617 1225 est

163 1256 207 1295 in
238 1255 442 1297 thesauro
469 1263 512 1297 et
541 1255 805 1306 dealbatum,
834 1254 1086 1304 detrahitur,
1116 1254 1274 1295 deinde
1304 1254 1421 1307 quod
1453 1267 1531 1294 rex
1562 1254 1617 1295 de
1638 1268 1676 1300 15

162 1324 287 1365 firma
308 1326 540 1366 comitatus
561 1323 742 1365 contulit
765 1323 981 1377 aliquibus
1001 1323 1219 1372 blancum,
1237 1328 1338 1375 post.
1359 1322 1438 1363 hec
1460 1323 1616 1363 iterum

162 1406 246 1445 que
267 1393 372 1433 alias
395 1392 537 1434 soluta
559 1398 660 1433 sunt
680 1406 756 1445 per
780 1392 930 1433 breuia
951 1392 1075 1445 regis
1091 1390 1159 1432 vel
1180 1390 1319 1441 aliter,
1339 1404 1417 1443 per
1437 1404 1616 1431 aceruos

161 1462 461 1514 disponuntur,
499 1467 543 1502 et
579 1460 659 1503 hec
690 1474 768 1514 per
803 1461 1144 1502 subtractionem
1179 1460 1409 1502 duodecim
1446 1460 1616 1501 denari-

161 1544 286 1571 orum
322 1544 346 1571 e
380 1530 558 1583 singulis
599 1530 717 1571 libris
758 1530 1028 1580 dealbantur,
1063 1531 1175 1571 sicut
1211 1542 1297 1582 que
1333 1530 1376 1570 in
1413 1528 1663 1570 thesauroC

162 1599 389 1640 soluuntur
423 1599 625 1641 dealbata
659 1612 736 1653 per
768 1597 1125 1641 combustionem.
1183 1598 1308 1640 Tunc
1342 1611 1445 1652 ergo
1476 1596 1525 1639 fit
1555 1599 1615 1639 in·
1638 1612 1678 1634 20

159 1667 325 1709 ferioris
354 1681 547 1721 expense
575 1682 600 1709 a
628 1667 848 1721 superiore
877 1681 1047 1708 summa
1071 1668 1285 1708 detractio
1311 1673 1366 1718 et,
1389 1667 1423 1707 si
1445 1667 1618 1720 penitus

160 1736 330 1778 absolui
352 1736 568 1786 meruerit,
589 1737 632 1777 in
654 1736 738 1777 fine
758 1736 950 1790 compoti
973 1735 1167 1777 eiusdem
1192 1735 1345 1777 litteris
1367 1735 1618 1789 patentibus

161 1805 360 1846 scribitur
381 1805 465 1845 ‘Et
486 1804 658 1857 quietus
681 1803 769 1845 est'
789 1804 858 1846 vel
887 1803 997 1845 infra
1025 1805 1068 1845 in
1096 1804 1240 1859 capite
1265 1805 1378 1845 linee
1406 1804 1617 1844 inferioris

163 1874 248 1914 ‘Et
281 1872 436 1914 debet.'
498 1873 558 1913 Et
596 1879 700 1914 tunc
736 1873 925 1923 demum,
947 1879 1251 1915 consummato
1284 1879 1504 1926 compoto,
1539 1886 1617 1913 nu-

164 1955 308 1982 merus
328 1941 569 1982 solutorum
596 1941 638 1982 in
665 1941 870 1982 thesauro
896 1942 1130 1995 apponitur
1152 1942 1201 1990 ei,
1223 1943 1340 1995 quod
1361 1942 1615 1983 iamdudum
1639 1960 1677 1991 25

162 2011 353 2051 diximus
383 2010 603 2062 scripturn,
631 2009 707 2049 ‘In
735 2009 968 2059 thesauro:
1005 2017 1049 2051 et
1073 2011 1193 2063 quod
1228 2009 1365 2052 fuerat
1393 2011 1615 2062 hucusque

161 2079 222 2120 sic
259 2093 316 2119 ex
349 2077 559 2118 industria
603 2078 811 2126 relictum,
844 2092 898 2119 ne
934 2077 1044 2119 forte
1077 2085 1259 2132 cogatur
1302 2079 1508 2120 abradere
1543 2079 1616 2133 qui

161 2146 321 2197 scribit,
354 2147 471 2199 quod
503 2146 696 2187 maxime
727 2146 838 2188 circa
869 2160 1070 2188 numeros
1105 2154 1148 2189 et
1183 2147 1360 2189 nomina
1390 2153 1434 2189 et
1464 2161 1615 2189 causas

162 2216 419 2257 iamdudum
440 2215 665 2256 vitandum
686 2215 889 2257 diximus.

221 2285 536 2327 consummato
557 2297 671 2334 vero,
693 2284 803 2325 sicut
825 2284 987 2325 dictum
1010 2291 1085 2332 est,
1105 2285 1159 2326 de
1180 2298 1360 2338 corpore
1382 2285 1613 2327 comitatus
1632 2274 1773 2358 {XVffi

162 2360 381 2407 compot0‚
402 2367 428 2393 a
450 2352 702 2393 marescallo
731 2352 840 2393 fides
861 2353 1124 2394 vicecomitis
1151 2352 1232 2394 sub
1256 2353 1395 2395 forma
1421 2354 1615 2407 predicta

161 2423 296 2465 semel
317 2422 550 2475 suscipitur
566 2428 609 2463 et
625 2422 685 2462 sic
707 2420 933 2462 absolutus
951 2421 1193 2463 dimittitur.
1245 2422 1438 2464 Fuerunt
1455 2429 1614 2476 tamen,

162 2493 236 2545 qui
274 2492 496 2534 crederent
528 2491 584 2532 de
617 2490 794 2544 singulis
828 2504 905 2544 per
939 2490 1072 2531 fidem
1106 2490 1327 2532 firmandis
1359 2491 1612 2546 singillatim

162 2562 293 2603 fidem
329 2576 355 2602 a
386 2562 639 2603 vicecomite
675 2560 865 2601 dandam
899 2566 955 2610 vt,
992 2561 1195 2613 quotiens
1231 2561 1392 2602 diceret
1425 2563 1486 2604 sic
1521 2576 1614 2604 esse

162 2630 341 2684 aliquid,
382 2633 500 2684 quod
540 2629 632 2672 sola
670 2637 818 2684 posset
859 2629 946 2670 fide
985 2628 1241 2678 confirmari,
1282 2631 1441 2672 totiens
1481 2630 1611 2673 fidem
1632 2657 1672 2689 35

214 2777 255 2811 13
282 2767 435 2802 debetur
451 2767 514 2801 vel
527 2767 649 2802 simile
664 2768 761 2812 quid
772 2765 1019 2812 supplendum
1037 2765 1218 2801 duximus
1395 2774 1430 2802 et
1449 2767 1610 2803 seriatim

163 2825 232 2849 m.
251 2815 299 2848 N
432 2822 473 2859 25
494 2814 707 2850 iamdictum
724 2815 760 2848 R
916 2821 959 2855 27
985 2825 1029 2848 ex
1046 2824 1113 2847 om.
1131 2814 1178 2847 N
1258 2814 1424 2850 relictum
1441 2815 1610 2850 Madox:

161 2861 340 2897 relacturn
356 2862 455 2898 codd.
543 2871 587 2906 30
613 2862 877 2897 Consummata
894 2860 971 2895 NR
982 2871 991 2895 :
1018 2871 1110 2896 corr.
1128 2860 1276 2896 Madox
1352 2871 1397 2907 34
1422 2861 1490 2907 sic]
1508 2862 1539 2898 si
1555 2864 1592 2897 R
