2022 3281
100 178 119 214 1
138 172 210 214 viii
227 170 284 230 H]
587 172 674 215 DE
707 170 1067 216 SCACCARIO
1501 181 1553 227 97

102 285 284 328 Henrici
316 286 441 340 primi
482 285 773 328 thesaurarius
808 292 853 328 et
883 298 1019 341 nepos
1061 284 1399 328 Saresberiensis
1434 285 1554 326 cuius

101 369 232 409 supra
263 355 554 406 meminimus,
576 355 962 410 incomparabilem
994 354 1082 396 suis
1110 353 1384 408 temporibus
1405 353 1558 395 habuit

100 424 303 466 scaccarii
324 424 564 466 scientiam.
623 424 849 465 Maximus
866 424 997 465 etiam
1018 424 1211 465 existens
1224 423 1267 464 in
1288 422 1371 463 hiis
1393 436 1477 476 que
1499 422 1555 463 ad

100 494 167 535 sui
209 500 348 535 status
389 493 650 548 dignitatem
689 493 980 547 pertinebant,
1016 492 1230 534 celebrem
1267 492 1333 534 sui
1370 491 1559 533 nominis

101 561 265 603 famam
292 561 406 611 fecit,
426 563 537 603 adeo
563 568 610 603 vt
641 576 754 616 pene
782 562 901 604 solus
926 562 969 602 in
992 575 1127 616 regno
1158 561 1218 603 sic
1243 561 1402 603 vixerit
1430 567 1473 602 et
1498 561 1557 602 sic
1577 542 1609 608 ᾗ

101 631 334 672 decesserit
373 638 421 672 vt
459 630 643 685 gloriam
684 632 773 672 eius
822 631 969 672 inuida
1014 630 1163 685 lingua
1203 629 1430 683 denigrare
1471 644 1558 671 non

100 700 273 742 audeat.
336 700 423 742 Hic
455 700 599 750 etiam,
621 700 677 741 ab
708 699 863 741 illustri
895 712 998 753 rege
1029 699 1223 740 Henrico
1254 699 1444 741 secundo
1476 698 1556 740 fre-

101 775 283 822 quenter
310 775 503 823 rogatus,
525 768 727 810 scaccarii
755 768 981 810 scientiam
1010 767 1262 809 continuata
1290 782 1367 822 per
1396 768 1559 809 multos

101 851 240 879 annos
260 838 418 879 bellica
439 843 702 892 tempestate
723 851 834 891 pene
855 850 1031 891 prorsus
1059 837 1270 878 abolitam
1293 836 1560 887 reformauit,

101 913 146 947 et
187 906 322 947 totius
364 906 667 960 descriptionis
707 906 797 947 eius
841 906 1026 947 formam
1068 905 1188 947 velut
1227 906 1338 947 alter
1384 907 1560 955 Esdras,
1581 917 1621 941 10

99 975 363 1017 bibliothece
385 974 563 1016 sedulus
590 981 822 1030 reparator,
845 974 1084 1016 renouauit.
1147 974 1344 1016 Credidit
1371 989 1474 1016 sane
1494 975 1562 1016 vir

100 1045 292 1097 prudens
326 1044 464 1085 satius
495 1057 589 1085 esse
621 1043 881 1085 constitutas
916 1043 972 1083 ab
1002 1043 1193 1097 antiquis
1225 1043 1342 1097 leges
1374 1045 1560 1097 posteris

99 1112 369 1153 innotescere
408 1125 541 1166 quam
576 1125 655 1153 sua
689 1111 986 1153 taciturnitate
1025 1118 1073 1152 vt
1109 1125 1224 1153 noue
1257 1113 1559 1160 conderentur,

101 1180 282 1222 efficere.
344 1181 437 1222 Vix
467 1181 583 1222 enim
617 1180 886 1221 modernitas
917 1180 961 1221 in
992 1186 1149 1234 questu
1175 1182 1358 1235 pecunie
1387 1182 1558 1223 mitiora

99 1250 315 1304 prioribus
346 1249 438 1290 iura
475 1249 671 1291 dictauit.
730 1248 809 1290 Ab
844 1249 929 1290 hoc
970 1249 1100 1303 igitur
1130 1263 1260 1303 super
1295 1250 1379 1291 hoc
1409 1251 1556 1292 huius·
1583 1261 1620 1293 15

101 1318 221 1360 modi
244 1332 500 1373 responsum
517 1317 678 1372 accepi.
740 1322 749 1340 ‘
765 1318 929 1369 Frater,
946 1318 1019 1372 qui
1036 1331 1161 1359 aures
1178 1319 1383 1360 audiendi
1402 1320 1561 1360 auidas

98 1388 234 1429 habet
251 1386 376 1428 facile
393 1387 653 1429 detractoris
673 1385 868 1440 linguam
890 1387 1093 1429 inueniet.
1152 1387 1301 1429 Etiam
1320 1388 1355 1429 is
1376 1389 1450 1441 qui
1468 1402 1558 1430 non

98 1455 244 1506 habet,
279 1469 367 1496 non
409 1454 537 1497 facile
571 1457 756 1497 eandem
793 1455 984 1511 effugiet.
1069 1455 1270 1499 Accessit
1310 1457 1459 1510 itaque
1499 1458 1556 1499 ad

99 1538 246 1578 regem
269 1524 506 1566 Henricum
526 1524 714 1578 primum
735 1525 800 1566 vir
821 1525 981 1579 aliquis
996 1525 1161 1568 habens
1182 1525 1310 1568 sibila
1331 1527 1560 1580 serpentis,

99 1594 248 1635 dicens
280 1594 330 1643 ei,
364 1596 384 1615 ‘⁶
403 1594 597 1635 Barones
632 1594 764 1636 vestri
796 1595 871 1647 qui
899 1595 956 1636 ad
989 1595 1254 1637 scaccarium
1290 1596 1481 1638 resident
1512 1602 1561 1638 vt
1582 1611 1622 1633 20

99 1663 204 1716 quid
246 1676 331 1716 que
373 1663 428 1704 de
468 1663 594 1705 terris
635 1677 786 1704 eorum
830 1670 1086 1717 exsurgunt,
1117 1678 1206 1706 non
1236 1664 1427 1716 soluunt‚
1459 1678 1561 1707 cum

98 1732 276 1784 quidam
302 1731 562 1773 constitutas
587 1731 780 1773 habeant
805 1733 861 1774 ad
887 1733 1148 1774 scaccarium
1177 1733 1454 1775 liberationes
1480 1748 1561 1787 pro

99 1801 291 1842 sessione
312 1804 424 1841 sua?
467 1799 662 1853 Quidam
684 1801 817 1841 etiarn
842 1815 921 1855 pro
943 1801 1085 1843 officio
1113 1815 1193 1843 suo
1214 1801 1370 1843 fundos
1392 1803 1559 1844 habent

100 1875 143 1910 et
164 1868 326 1910 fructus
344 1882 508 1910 eorum.
571 1869 691 1911 Hinc
712 1884 817 1923 ergo
839 1870 986 1923 grauis
1008 1870 1175 1912 iactura
1189 1870 1296 1913 fisco
1313 1870 1556 1925 prouenit.''

100 1938 212 1979 Cum
236 1938 366 1990 igitur
392 1937 464 1978 ille
488 1938 692 1992 principis
720 1938 1067 1980 emolumentum
1097 1938 1291 1993 allegans
1313 1940 1559 1994 frequenter
1580 1952 1619 1985 25

99 2007 295 2058 instaret,
321 2013 514 2047 mentem
541 2006 631 2047 eius
662 2006 739 2047 vix
766 2008 948 2048 tandem
976 2007 1159 2048 verbum
1191 2008 1307 2049 istud
1341 2023 1392 2050 eo
1423 2023 1560 2063 Vsque

100 2075 297 2129 possedit
325 2080 372 2115 vt
398 2074 547 2116 omnia
573 2076 815 2116 constituta
841 2076 896 2116 ab
929 2075 1132 2118 omnibus
1163 2077 1274 2117 solui
1305 2078 1558 2131 preciperet,

101 2154 180 2182 nec
215 2140 380 2193 aliquid
417 2140 544 2182 alicui
578 2141 754 2188 dimitti,
788 2141 867 2181 nisi
900 2141 996 2194 quis
1028 2155 1158 2194 super
1190 2141 1273 2183 hoc
1304 2157 1560 2198 expressum

101 2209 193 2249 eius
224 2210 485 2264 optinuisset
526 2209 814 2260 mandatum3
864 2208 1115 2264 factumque
1156 2217 1222 2252 est
1264 2213 1337 2254 ita.
1400 2212 1614 2254 Sume-H

100 2278 232 2319 dente
275 2291 378 2319 vero
419 2284 632 2332 tempore,
663 2292 763 2319 curn
810 2280 1111 2321 recordaretur
1150 2281 1373 2335 princeps}
1393 2281 1559 2324 consilii
1579 2294 1621 2326 30

101 2347 404 2402 Architophel‚
443 2348 632 2401 penituit
674 2361 774 2389 eum
820 2348 1104 2402 acquieuisse.
1165 2349 1374 2392 Decreuit
1409 2357 1559 2393 autem

100 2416 302 2458 omnibus
323 2415 409 2458 illic
442 2416 784 2458 ministrantibus
816 2417 964 2458 omnia
994 2417 1190 2471 predicta
1220 2421 1476 2474 computari,
1501 2421 1560 2462 nil

100 2485 261 2526 ducens
286 2485 498 2526 iacturam
529 2485 688 2527 modici
714 2486 797 2526 eris
819 2491 1017 2538 respectu
1041 2487 1188 2539 magni
1216 2487 1407 2530 honoris.
1469 2490 1558 2532 De-

101 2553 282 2595 stinauit
302 2553 449 2606 itaque
469 2554 604 2595 breue
624 2567 752 2595 suum
775 2555 830 2595 ad
852 2554 1117 2596 scaccarium
1138 2561 1185 2596 vt
1210 2556 1451 2599 assidentes
1473 2559 1560 2602 illic

100 2620 158 2662 ab
178 2620 261 2662 hiis
281 2621 405 2663 liberi
427 2628 572 2665 essent
593 2622 682 2664 iure
703 2628 929 2677 perpetuo.
991 2622 1066 2663 Ab
1091 2622 1175 2664 hoc
1200 2624 1331 2677 igitur
1354 2626 1476 2668 breui
1500 2641 1558 2669 ex
1579 2638 1618 2672 35

101 2696 206 2731 tunc
227 2696 270 2730 et
287 2690 419 2732 modo
436 2691 593 2734 dicitur
614 2693 635 2712 “
652 2691 695 2732 in
718 2691 923 2745 perdonis
945 2705 1023 2746 per
1043 2691 1177 2733 breue
1195 2692 1344 2748 regis.''
1396 2694 1559 2750 Sicque

149 2799 170 2833 3
187 2788 316 2835 etiarn]
328 2790 406 2826 eius
422 2791 454 2827 C
537 2801 560 2835 4
577 2793 766 2828 cerebrem
783 2792 814 2827 C
890 2791 912 2827 6
928 2791 1083 2836 gratiam
1098 2792 1134 2827 R
1219 2802 1260 2836 17
1279 2793 1504 2832 detractores
1517 2798 1565 2831 N

104 2835 149 2881 is]
169 2836 226 2871 his
243 2837 290 2870 N
364 2847 410 2883 29
433 2838 512 2875 eius
528 2851 596 2875 om.
618 2841 649 2876 C
734 2849 780 2884 30
805 2838 908 2885 vero]
928 2840 1051 2885 itaque
1071 2840 1103 2875 C
1172 2849 1217 2885 34
1242 2841 1381 2888 itaque]
1402 2842 1512 2888 igitur
1532 2845 1564 2880 C

162 2919 199 2937 DE
213 2918 306 2938 SCAcc.
823 2907 854 2940 Ο
