2022 3281
124 190 160 223 11
186 196 216 223 x
239 178 287 239 C]
607 182 693 223 DE
727 181 1083 225 SCACCARIO
1493 197 1571 240 133

122 295 288 336 dictum
311 301 388 343 est,
403 294 630 347 tolluntur,
652 302 695 338 et
716 296 874 338 abhinc
891 296 994 338 fisco
1016 295 1189 338 cedunt.
1249 295 1416 338 Verum
1434 297 1468 339 si
1491 298 1526 339 is
1547 311 1573 340 a

121 377 209 416 quo
241 364 409 405 tollitur
439 371 713 418 occupatum,
741 372 893 407 auctor
922 372 988 407 est
1017 365 1130 414 facti,
1161 365 1288 406 simul
1320 366 1464 416 etiam,
1490 367 1572 407 nisi

121 446 200 473 rex
223 433 261 473 ei
289 434 543 486 pepercerit,
566 435 852 487 pecuniariter
881 434 1135 488 grauissime
1163 435 1379 488 punietur.
1440 434 1573 489 Quod

119 502 154 542 si
188 515 275 542 non
308 509 461 543 auctor
497 508 563 544 set
588 503 712 544 heres
748 504 936 545 auctoris
968 504 1104 554 fuerit,
1138 504 1194 545 ad
1227 517 1386 557 penam
1416 504 1573 545 sufficit

118 570 240 611 fundi
265 570 458 611 eiusdem
486 572 579 613 sola
607 573 839 614 reuocatio.
903 572 977 612 Ex
1005 585 1092 625 quo
1120 586 1236 625 sane,
1257 573 1368 614 sicut
1394 587 1451 614 ex
1481 572 1572 614 aliis
1591 591 1608 623 5

117 638 324 693 pluribus,
356 640 470 694 regis
507 641 802 682 misericordia
833 642 1154 696 comprobatur,
1181 643 1286 683 dum
1316 643 1450 695 patris
1480 649 1571 683 tam

118 709 306 749 enormis
329 723 530 750 excessus
558 723 645 751 non
673 711 853 764 punitur
881 710 924 751 in
952 709 1055 761 filio,
1080 712 1154 764 qui
1175 724 1310 764 vsque
1328 712 1384 752 ad
1412 711 1571 752 factam

115 776 438 831 inquisitionem
474 779 645 832 publice
677 779 906 833 potestatis
938 779 1104 821 iactura
1140 780 1375 821 ditabatur.
1436 780 1571 822 Porro

116 846 316 887 eschaete
337 846 469 900 vulgo
495 848 700 889 dicuntur
725 861 821 900 que,
843 847 1156 889 decedentibus
1183 848 1266 889 hiis
1288 849 1362 902 qui
1384 849 1439 889 de
1471 862 1572 903 rege

117 919 268 956 tenent
303 915 345 955 in
379 916 533 969 capite,
564 929 662 956 cum
700 929 787 957 non
824 922 949 958 extet
984 917 1151 957 ratione
1181 917 1403 971 sanguinis
1435 917 1570 966 heres,
1592 934 1631 956 10

115 984 171 1024 ad
195 983 346 1024 fiscum
377 984 641 1025 relabuntur.
721 985 790 1025 De
817 985 899 1025 hiis
931 991 1078 1026 autem
1106 986 1234 1026 simul
1263 999 1362 1027 cum
1394 1000 1570 1039 propre-

113 1053 243 1094 sturis
280 1054 473 1106 compoti
502 1053 610 1094 fiunt
641 1055 723 1095 sub
755 1067 838 1094 vna
868 1054 1078 1108 scripture
1108 1056 1228 1104 serie,
1259 1055 1319 1095 sic
1347 1061 1494 1096 tamen
1524 1061 1572 1097 vt

113 1122 382 1176 singulorum
423 1123 600 1163 nomina
636 1136 714 1175 per
749 1123 947 1164 ordinem
986 1123 1302 1175 exprimantur.
1362 1123 1428 1164 At
1469 1137 1568 1165 cum

113 1191 421 1244 paterfamilias
452 1190 590 1242 miles,
619 1190 687 1232 vel
718 1191 925 1241 seruiens,
954 1191 1009 1232 de
1040 1205 1140 1244 rege
1165 1199 1321 1233 tenens
1352 1192 1395 1233 in
1427 1193 1570 1246 capite

112 1259 187 1300 fati
218 1261 367 1301 debita
404 1260 598 1309 soluerit,
629 1260 788 1302 relictis
828 1266 979 1301 tamen
1010 1259 1156 1302 liberis
1188 1274 1373 1313 quorum
1404 1262 1566 1314 primo·
1590 1282 1627 1315 15

111 1329 282 1383 genitus
310 1328 450 1369 minor
480 1335 546 1370 est
581 1328 716 1377 annis,
750 1328 944 1370 redditus
980 1329 1158 1382 quidem
1193 1329 1285 1370 eius
1319 1330 1376 1370 ad
1414 1329 1566 1371 fiscum

110 1398 320 1446 redeunt;
351 1397 426 1438 sed
459 1396 706 1438 huiusmodi
743 1410 830 1438 non
862 1396 1118 1451 simpliciter
1159 1397 1381 1439 ‘escaeta’
1413 1398 1569 1440 dicitur

108 1472 175 1507 set
203 1469 398 1507 ‘escaeta
429 1479 528 1507 cum
558 1465 741 1507 herede.'
800 1466 930 1508 Vnde
962 1480 1041 1508 nec
1071 1465 1197 1507 heres
1228 1467 1285 1508 ab
1312 1466 1567 1518 hereditate,

108 1548 187 1576 nec
208 1535 263 1576 ab
285 1535 379 1590 ipso
401 1535 618 1576 hereditas
643 1534 822 1585 tollitur,
844 1543 910 1577 set
938 1534 1067 1577 simul
1088 1548 1187 1577 cum
1216 1535 1458 1577 hereditate
1484 1536 1567 1578 sub

108 1604 221 1659 regis
247 1604 446 1645 custodia
468 1604 740 1655 constitutus,
762 1609 964 1657 tempore
985 1603 1210 1658 pupillaris
1239 1605 1367 1646 etatis
1389 1605 1445 1647 de
1471 1605 1566 1659 ipsa
1586 1627 1627 1650 20

108 1672 350 1714 hereditate
377 1686 455 1728 per
484 1673 625 1727 regios
654 1672 860 1714 officiales
887 1679 979 1714 tam
1008 1673 1100 1728 ipse
1126 1686 1259 1726 quarn
1288 1674 1418 1715 ceteri
1440 1673 1563 1715 liberi

107 1742 349 1783 necessaria
370 1741 617 1796 percipiunt
636 1758 646 1793 ;
678 1747 822 1783 cetera
848 1755 966 1793 vero,
987 1755 1072 1795 que
1093 1743 1148 1783 de
1172 1742 1267 1796 ipsa
1288 1743 1563 1797 proueniunt,
1581 1754 1608 1787 C

107 1811 234 1865 regiis
255 1811 405 1852 vsibus
427 1811 598 1852 cedunt.
651 1811 721 1851 De
742 1810 824 1851 hiis
839 1817 988 1852 autem
1010 1824 1204 1852 seorsum
1226 1811 1419 1864 compoti
1440 1811 1564 1864 fiunt,

107 1881 209 1933 quia
226 1893 314 1921 non
332 1886 543 1932 perpetuo
560 1886 624 1920 set
644 1879 837 1932 quodam
854 1879 1085 1933 temporali
1100 1880 1192 1921 iure
1208 1879 1312 1921 fisco
1334 1881 1561 1922 debentur.

108 1948 222 1990 Cum
244 1949 359 1989 enim
380 1948 515 1999 heres,
533 1961 646 1988 nunc
668 1948 821 1999 minor,
838 1947 1052 2002 legittime
1073 1948 1202 1989 etatis
1223 1949 1408 2002 adeptus
1429 1949 1560 1990 bene·
1582 1966 1620 1998 ²5

105 2017 202 2059 ficia
227 2017 307 2058 sibi
337 2017 511 2070 suisque
540 2017 771 2070 disponere
796 2017 976 2067 nouerit,
1006 2017 1123 2070 quod
1155 2017 1246 2057 iure
1271 2017 1353 2058 sibi
1378 2023 1561 2070 paterno

104 2086 298 2136 debetur,
321 2099 346 2126 a
378 2086 496 2138 regia
527 2084 819 2127 munificentia
851 2085 1066 2139 suscipiet,
1098 2086 1277 2139 quidam
1308 2086 1453 2139 gratis,
1483 2099 1562 2140 per

102 2155 240 2197 solam
272 2154 436 2195 scilicet
467 2154 655 2207 gratiam
686 2153 904 2208 principis,
937 2154 1117 2208 quidam
1148 2154 1360 2208 promissa
1389 2168 1561 2196 summa

102 2224 262 2278 aliqua,
287 2223 343 2264 de
365 2236 452 2276 qua
472 2236 572 2264 cum
595 2229 825 2276 compotus
846 2222 934 2272 fiet,
953 2223 1122 2264 dicetur
1142 2223 1185 2263 in
1202 2222 1346 2264 annali
1367 2223 1471 2265 ‘Ille
1490 2223 1558 2265 vel

103 2293 175 2334 ille
196 2291 340 2333 reddit
361 2298 617 2345 compotum
640 2291 696 2332 de
718 2304 752 2333 c.
775 2291 894 2332 libris
917 2291 972 2332 de
995 2291 1155 2332 releuio
1176 2298 1288 2333 terre
1317 2291 1453 2345 patris
1479 2292 1557 2334 sui.
1577 2302 1618 2338 36

101 2361 154 2402 In
186 2361 391 2403 thesauro
422 2360 504 2401 hoc
536 2366 580 2401 et
612 2360 744 2401 debet
784 2359 893 2401 hoc.’
955 2360 1026 2401 De
1065 2359 1149 2401 hoc
1186 2365 1335 2401 autern
1366 2359 1479 2402 vltra
1513 2360 1558 2402 in

99 2429 245 2471 annali
279 2435 507 2482 compotus
548 2443 636 2470 non
677 2428 751 2470 fiet
792 2436 893 2470 cum
929 2429 984 2469 ad
1020 2427 1173 2470 fiscum
1214 2434 1315 2482 post
1350 2428 1433 2470 hoc
1468 2443 1556 2470 non

99 2500 261 2540 redeat.
321 2498 487 2540 Verum
510 2499 613 2539 dum
636 2498 678 2539 in
701 2511 830 2539 manu
852 2497 966 2552 regis
991 2503 1058 2538 est
1079 2497 1134 2538 de
1154 2497 1237 2539 hoc
1262 2498 1321 2538 sic
1344 2498 1557 2541 scribetur

98 2567 141 2608 in
163 2566 320 2608 annali.
387 2571 396 2589 ‘
413 2565 493 2608 Ille
513 2567 757 2608 vicecomes
779 2566 922 2608 reddit
943 2571 1198 2619 compotum
1220 2566 1276 2607 de
1297 2565 1421 2608 firma
1441 2566 1555 2610 illius

96 2634 298 2686 honoris‚'
331 2635 366 2676 si
401 2635 567 2677 scilicet
598 2634 779 2677 baronia
814 2641 891 2686 est,
924 2634 1002 2675 ‘In
1039 2633 1242 2676 thesauro
1274 2634 1386 2677 hoc:
1419 2635 1478 2677 Et
1509 2637 1552 2678 in
1571 2648 1611 2681 35

146 2757 163 2793 5
190 2745 371 2792 eiusdem]
391 2747 469 2782 eius
491 2748 521 2782 C
613 2748 633 2783 8
660 2747 874 2784 detrahatur
894 2747 942 2782 C:
970 2747 1154 2783 ditabatur
1175 2748 1206 2783 C
1218 2759 1312 2784 corr.
1416 2759 1438 2795 9
1462 2749 1550 2795 hiis]

98 2796 128 2830 is
146 2796 192 2829 N
264 2804 305 2830 12
332 2794 425 2829 serie
441 2805 509 2829 om.
527 2796 562 2829 R
641 2796 681 2830 18
707 2795 852 2829 herede.
893 2794 1002 2830 Vnde
1018 2805 1088 2830 nec
1106 2795 1212 2831 heres
1230 2807 1297 2831 om.
1315 2797 1350 2831 R
1433 2806 1474 2843 19
1495 2804 1550 2833 set

97 2854 165 2877 om.
182 2842 246 2878 CR
340 2850 386 2886 30
409 2847 504 2877 terre
520 2852 587 2876 om.
606 2842 637 2877 C
729 2849 770 2886 35
799 2841 829 2876 si
847 2852 915 2876 om.
933 2841 980 2876 N
