2022 3281
386 164 439 207 70
870 154 957 195 DE
989 151 1348 194 SCACCARIO
1697 150 1734 210 [1
1755 166 1782 194 v
1804 163 1831 195 C

383 280 461 321 per
501 266 704 308 clericum
737 266 974 307 discretum
1015 264 1050 304 si
1086 263 1175 317 regi
1214 263 1333 305 visus
1378 263 1506 306 fuerit
1545 265 1652 307 alias
1693 266 1833 319 magis

384 336 659 385 necessarius,
681 334 984 382 administrat;
1016 338 1060 372 et
1083 331 1163 372 hec
1194 337 1260 372 est
1285 332 1523 387 descriptio
1550 334 1679 375 tertie
1705 334 1832 375 sedis.

387 404 439 444 In
465 410 621 457 quarto
650 416 812 444 scanno
842 401 960 453 quod
989 406 1055 440 est
1077 399 1329 454 oppositum
1355 400 1598 452 iustitiario,
1620 401 1663 441 in
1691 400 1835 454 capite

384 472 545 513 residet
574 471 781 524 magister
810 469 1006 510 Thomas
1035 473 1328 520 cognomento
1359 467 1530 510 Brunus
1562 482 1661 510 cum
1693 468 1834 510 rotulo

348 558 367 590 5
386 541 515 582 tertio
543 539 617 592 qui
643 553 700 579 ex
722 536 894 578 novella
920 535 1244 587 constitutione,
1271 535 1355 577 hoc
1383 543 1449 578 est
1473 550 1499 577 a
1526 537 1705 577 domino
1734 550 1836 590 rege

385 616 549 658 nostro,
571 607 747 648 additus
777 611 854 646 est.
917 604 1031 657 Quia
1062 604 1274 658 scriptum
1306 610 1371 645 est
1403 604 1642 646 ‘funiculus
1672 605 1836 658 triplex

385 677 558 717 difficile
589 672 797 715 soluitur.’
869 672 975 713 Post
1005 672 1120 713 hunc
1149 672 1391 714 vicecomes
1423 678 1467 714 et
1498 673 1639 714 clerici
1667 674 1732 714 sui
1763 673 1838 727 qui

383 745 577 784 assident
609 743 664 784 ad
697 748 952 794 compotum
985 754 1086 781 cum
1117 741 1242 782 taleis
1272 747 1315 782 et
1346 741 1443 783 aliis
1474 742 1754 792 necessariis;
1795 747 1837 781 et

383 812 464 853 hec
485 819 551 853 est
574 811 804 864 dispositio
826 816 982 863 quarte
1003 810 1130 850 sedis.

328 896 367 920 ιο
440 880 697 933 Dz'scz'pulus.
759 878 956 932 Scriptor
997 878 1196 932 magistri
1227 878 1401 920 Thome
1441 879 1653 932 numquid
1689 878 1839 919 sedem

383 949 518 991 habet
539 963 636 990 curn
661 948 755 990 aliis
777 948 1093 1001 scriptoribus?

441 1018 674 1072 Magister.
736 1015 897 1058 Sedem
914 1017 1092 1070 quidem
1108 1015 1244 1057 habet
1265 1029 1353 1057 non
1375 1028 1475 1057 cum
1496 1015 1592 1058 aliis
1613 1016 1689 1057 sed
1712 1028 1841 1069 super

385 1087 506 1128 alios.

441 1154 704 1208 Discipulus.
765 1153 915 1207 Quare
936 1153 998 1195 sic
1015 1157 1032 1194 Ρ

330 1238 368 1271 15
443 1224 676 1277 Magister.
737 1223 851 1264 Cum
873 1223 990 1263 enim
1014 1223 1074 1263 sic
1096 1222 1306 1276 disposite
1327 1228 1472 1264 essent
1496 1222 1621 1263 sedes
1641 1222 1698 1263 ab
1720 1221 1843 1262 initio

386 1300 433 1334 vt
469 1294 652 1346 scriptor
687 1291 942 1333 thesaurarii
983 1293 1039 1333 ad
1082 1291 1195 1332 latus
1236 1304 1363 1331 suum
1400 1290 1607 1332 resideret
1647 1304 1701 1331 ne
1737 1291 1842 1343 quid

388 1362 647 1404 scriberetur
679 1361 798 1413 quod
838 1359 1011 1400 oculum
1053 1360 1146 1401 eius
1179 1359 1403 1412 effugeret,
1435 1366 1479 1400 et
1520 1359 1624 1400 item
1663 1359 1843 1412 scriptor

389 1429 644 1472 cancellarie
677 1430 731 1470 ad
759 1429 874 1470 latus
906 1429 1127 1481 scriptoris
1158 1429 1411 1470 thesaurarii
1437 1434 1485 1469 vt
1511 1427 1695 1469 fideliter
1726 1428 1842 1467 exci-

337 1505 511 1554 Dperet
553 1498 672 1551 quod
709 1497 782 1539 ille
815 1497 1126 1551 prescribebat,
1158 1503 1201 1538 et
1242 1497 1347 1538 item
1390 1496 1569 1538 clericus
1600 1495 1843 1538 cancellarii

330 1584 371 1607 20
389 1567 633 1609 necessario
654 1567 881 1621 proximus
903 1572 1016 1607 esset
1037 1566 1097 1606 illi
1119 1565 1315 1619 scriptori
1337 1579 1390 1607 ne
1412 1571 1559 1618 posset
1581 1578 1732 1612 errare,
1755 1578 1842 1605 non

389 1636 601 1691 superfuit
621 1636 743 1677 locus
769 1636 811 1676 in
836 1649 925 1689 quo
954 1636 1139 1688 scriptor
1164 1635 1234 1675 ille
1262 1635 1471 1676 resideret
1496 1635 1540 1674 in
1569 1634 1677 1675 serie
1699 1633 1844 1674 scanni

390 1712 457 1747 set
479 1706 605 1746 datus
632 1710 696 1744 est
719 1704 757 1744 ei
780 1703 901 1745 locus
924 1703 966 1743 in
990 1703 1197 1744 eminenti
1219 1709 1266 1744 vt
1294 1703 1529 1756 prospiciat
1551 1709 1596 1743 et
1624 1701 1844 1742 immineat

390 1774 591 1827 scriptori
626 1772 880 1814 thesaurarii
917 1771 989 1825 qui
1022 1772 1187 1826 primus
1227 1771 1391 1821 scribit,
1428 1777 1472 1813 et
1504 1771 1559 1812 ab
1596 1771 1691 1824 ipso
1725 1772 1845 1823 quod

389 1849 567 1897 oportet
588 1842 793 1895 excipiat.

334 1924 372 1957 25
448 1910 709 1962 Discipulzcs.
772 1909 889 1950 Huic
906 1908 1020 1950 oculi
1038 1909 1162 1950 lincei
1180 1908 1409 1951 necessarii
1425 1914 1568 1950 essent
1586 1921 1641 1949 ne
1658 1914 1819 1948 erraret
1839 1920 1847 1956 ;

393 1979 661 2034 periculosus
682 1978 799 2019 enim
820 1978 863 2018 in
883 1978 966 2019 hiis
987 1992 1103 2020 error
1124 1978 1289 2020 dicitur.

448 2048 679 2101 Magister.
739 2048 866 2088 Licet
915 2053 1027 2088 erret
1080 2047 1300 2088 interdum
1351 2047 1394 2086 in
1445 2045 1704 2099 excipiendo
1749 2044 1849 2097 quia

392 2123 586 2159 remotus
619 2124 683 2158 est
714 2122 864 2158 tamen
895 2117 1001 2156 dum
1033 2116 1163 2157 rotuli
1196 2116 1481 2168 corriguntur,
1512 2114 1627 2155 facta
1655 2114 1849 2155 omnium

392 2187 525 2228 trium
547 2185 790 2236 collatione,
813 2185 939 2226 facile
960 2185 1038 2226 erit
1059 2191 1200 2226 errata
1222 2185 1445 2238 corrigere.

335 2268 377 2299 30
450 2255 714 2308 Disciptclzts.
777 2254 895 2295 Satis
924 2255 1137 2295 hactenus
1158 2254 1323 2295 dictum
1354 2260 1419 2294 est
1440 2253 1496 2294 de
1524 2252 1677 2293 ordine
1698 2252 1850 2292 seden-

395 2324 515 2374 tium,
537 2337 652 2364 nunc
681 2325 735 2365 de
761 2337 912 2364 eorum
941 2323 1089 2365 officiis
1115 2323 1151 2364 si
1180 2322 1322 2377 placet
1351 2335 1568 2375 exequere
1596 2320 1803 2373 incipiens
1825 2334 1851 2361 a

397 2391 494 2430 leua
514 2390 786 2443 presidentis.

454 2458 687 2510 Magister.
750 2457 1045 2499 Cancellarius
1067 2457 1110 2497 in
1132 2456 1283 2498 ordine
1303 2456 1378 2496 illo
1398 2456 1564 2508 primus
1586 2461 1651 2496 est
1674 2461 1718 2496 et
1738 2455 1850 2495 sicut

398 2525 442 2566 in
473 2527 590 2567 curia
615 2527 675 2568 sic
703 2528 759 2568 ad
787 2526 1049 2568 scaccarium
1078 2539 1262 2579 magnus
1289 2531 1356 2566 est
1385 2526 1496 2566 adeo
1522 2529 1569 2564 vt
1600 2523 1690 2564 sine
1718 2522 1852 2576 ipsius

341 2608 380 2640 35
400 2607 614 2635 consensu
653 2595 722 2636 vel
764 2595 942 2637 consilio
984 2594 1041 2635 nil
1079 2607 1286 2647 magnum
1319 2593 1395 2634 fiat
1430 2592 1498 2634 vel
1534 2591 1625 2633 fieri
1664 2592 1852 2643 debeat3

448 2682 468 2716 3
494 2673 700 2717 appositum
716 2675 792 2709 CN
904 2673 1105 2709 iustitiariis
1120 2674 1184 2708 CR
1286 2682 1308 2715 4
1335 2670 1554 2716 cognomine
1568 2671 1617 2705 N
1734 2680 1790 2715 11,
1811 2680 1851 2705 12

400 2720 662 2764 scriptoribus?
703 2722 901 2766 llsagz'ster.
946 2722 1081 2756 Sedem
1107 2719 1255 2765 quidem
1275 2719 1387 2753 habet
1415 2730 1488 2752 non
1510 2729 1594 2753 cum
1619 2718 1701 2753 aliis
1726 2729 1795 2751 om.
1817 2719 1852 2751 R

402 2768 446 2800 28
471 2767 570 2801 facta
587 2766 695 2801 rotuli
713 2768 942 2812 corriguntur
964 2769 1011 2803 C:
1039 2767 1269 2812 corriguntur
1286 2764 1392 2801 rotuli
1410 2765 1509 2800 facta
1526 2766 1561 2799 R
1667 2774 1708 2809 31
1737 2763 1851 2809 nunc]

401 2824 471 2848 nec
488 2813 524 2846 R
636 2823 681 2858 34
706 2813 770 2859 ad]
789 2822 825 2850 et
843 2816 878 2849 R
