2022 3281
711 159 920 202 NOTES
1462 172 1539 202 211

91 272 196 323 quod
220 272 477 312 obtinebimus
506 270 597 311 eos.’
660 285 675 311 1
701 271 828 313 Maec.
849 272 920 310 viii.
942 282 965 322 5
995 271 1280 311 ‘contriuerunt
1309 271 1348 309 in
1377 272 1478 311 bello
1507 281 1544 312 et

92 339 340 377 obtinuerunt
359 335 449 375 eos?

144 403 187 442 P.
218 405 306 448 118,
333 402 356 441 l.
386 414 447 452 31.
477 405 653 441 olauam
681 414 824 449 posse.
881 401 940 442 Cf.
971 402 1161 449 Donatus,
1201 402 1284 440 Vita
1322 402 1469 452 Vergili
1493 405 1543 450 64

93 472 102 488 ‘
115 468 263 507 facilius
281 480 365 506 esse
387 467 546 506 Herculi
566 467 716 506 clauam
737 480 853 518 quam
874 467 1052 506 Homero
1066 480 1217 506 versum
1239 467 1451 518 surripere!

146 533 187 572 P.
214 537 301 579 119,
320 532 343 570 1.
365 545 400 580 4.
429 535 645 571 vltionem
667 561 676 571 .
700 560 710 571 .
732 561 742 572 .
763 535 925 572 Dauid.
981 533 1016 570 It
1035 533 1067 570 is
1086 540 1155 571 not
1175 533 1278 571 clear
1299 540 1338 571 to
1351 532 1452 570 what
1471 533 1545 571 this

93 599 222 645 refers,
252 598 425 648 possibly
453 606 494 637 to
522 598 585 636 the
615 598 755 648 charge
783 604 824 636 to
855 597 1044 636 Solomon
1073 598 1310 648 concerning
1338 598 1438 649 Joab
1468 598 1545 636 and

92 664 247 710 Shimei,
270 677 291 713 3
314 663 411 712 Reg.
432 664 466 701 ii.
489 674 511 711 5
542 663 619 700 and
645 664 679 700 8.
740 662 795 701 Or
821 662 847 700 it
874 675 963 713 may
985 663 1035 701 be
1055 675 1078 701 a
1097 663 1283 701 confused
1302 663 1545 702 recollection

91 729 135 769 of
149 729 213 767 the
234 728 378 767 suicide
398 728 443 766 of
457 727 676 777 Ahitophel.

199 794 223 832 l.
246 803 278 842 7.
306 795 461 832 inueni
491 822 501 831 .
533 821 543 831 .
575 821 585 831 .
614 804 788 832 meum:
827 792 874 831 cf.
904 792 1000 830 Acts
1028 793 1104 830 xiii.
1135 805 1182 830 22
1216 794 1369 832 ‘inueni
1405 793 1544 841 Dauid,

91 860 213 898 filium
232 860 348 905 Iesse,
370 859 494 895 virum
514 857 730 895 secundum
750 870 818 896 cor
837 858 992 895 meum.’

198 924 221 962 l.
249 937 308 961 12.
337 926 476 962 Viuat
489 927 535 961 et
554 925 718 969 proles.
775 923 873 960 This
889 935 1052 972 passage
1072 923 1297 973 containing
1311 935 1363 961 no
1384 923 1546 962 allusion

90 998 130 1028 to
149 989 213 1027 the
243 989 356 1027 death
385 988 428 1027 of
453 988 515 1026 the
543 1000 676 1038 young
705 986 841 1038 Henry
861 1000 938 1025 was
967 988 1213 1038 presumably
1242 989 1387 1027 written
1417 989 1547 1028 before

89 1056 180 1107 July
204 1057 316 1103 1183.

198 1121 220 1158 l.
246 1133 303 1168 14.
334 1122 441 1167 quia
467 1121 563 1158 nati
596 1123 702 1157 sunt
733 1147 742 1156 .
770 1148 779 1157 .
814 1145 825 1156 .
854 1121 1055 1158 rebelles,
1134 1118 1193 1156 Cf.
1227 1119 1343 1169 Verg.
1373 1120 1466 1159 Aen.
1498 1122 1545 1158 vi.

93 1189 223 1235 851-3
242 1198 307 1223 :—

252 1251 317 1288 Tu
345 1262 479 1299 regere
507 1248 670 1299 imperio
698 1247 873 1298 populos,
903 1247 1095 1294 Romane,
1126 1255 1345 1296 mement0;

252 1316 341 1354 Hae
369 1315 434 1353 tibi
463 1320 573 1352 erunt
602 1320 725 1360 artes;
767 1313 949 1363 pacisque
978 1313 1176 1362 imponere
1204 1325 1364 1360 morem,

252 1381 412 1419 Parcere
432 1379 620 1426 subiectis,
640 1385 678 1417 et
697 1378 883 1416 debellare
905 1379 1102 1427 superbos.

196 1447 220 1485 1.
245 1449 304 1485 18.
345 1447 551 1484 libellum
588 1446 718 1483 cujus
748 1472 758 1481 .
783 1471 792 1482 .
817 1471 826 1480 .
857 1445 1167 1482 meminimus:
1214 1443 1262 1482 cf.
1296 1444 1326 1482 I.
1357 1456 1391 1481 v.
1424 1445 1472 1484 O.
1506 1445 1547 1483 Ρ.

90 1514 223 1552 above.

197 1578 220 1615 l.
251 1590 310 1615 21.
338 1577 483 1616 secuit
510 1586 698 1620 regnum
726 1576 775 1611 in
802 1585 883 1612 sex
910 1578 1074 1620 partes.
1144 1574 1241 1612 This
1270 1575 1387 1613 refers
1415 1582 1455 1614 to
1483 1575 1548 1614 the

90 1643 254 1681 division
280 1642 324 1681 of
347 1641 528 1692 England
555 1642 637 1678 into
666 1637 830 1689 ‘Eyres’
860 1645 899 1676 at
927 1638 990 1677 the
1017 1640 1168 1677 council
1189 1639 1234 1677 of
1257 1639 1545 1690 Northampton

91 1709 175 1760 jan.
199 1721 217 1745 2
225 1718 259 1755 5,
284 1707 398 1758 117}
453 1707 490 1743 A
509 1706 744 1755 subsequent
768 1704 930 1742 division
956 1704 1036 1742 into
1059 1704 1145 1742 four
1164 1705 1315 1744 circuits
1336 1717 1414 1744 was
1433 1706 1546 1743 made

91 1776 132 1811 in
149 1773 259 1823 April
283 1781 383 1820 1179
405 1771 530 1822 (Lieb.
550 1770 657 1808 Ez'nl.
677 1782 713 1819 p.
740 1782 799 1815 10,
821 1768 1004 1807 Benedict
1023 1769 1054 1806 Ι.
1077 1769 1184 1821 239).

199 1840 334 1877 electi
375 1838 548 1874 iudices
599 1846 711 1881 quos
757 1838 956 1872 errantes
1013 1845 1238 1873 vocamus.
1308 1833 1367 1871 Cf.
1414 1835 1550 1872 Ioann.

93 1903 231 1941 Sarisb.
256 1902 516 1948 Polycralz'cus
543 1913 575 1936 v.
599 1913 632 1938 c.
657 1912 716 1936 xv.
738 1897 834 1950 [576
857 1899 902 1945 C,
922 1899 981 1937 ed.
1006 1897 1185 1952 Migne];
1220 1903 1228 1918 ‘
1243 1899 1356 1946 Quae
1384 1911 1473 1937 vero
1500 1899 1548 1936 de

90 1968 330 2018 praesidibus
350 1966 508 2016 aliisque
522 1964 710 2003 iudicibus
724 1964 824 2002 dicta
845 1971 931 2002 sunt
951 1964 1092 2002 debent
1110 1972 1146 2002 et
1162 1964 1265 2014 apud
1284 1963 1546 2014 proconsules

91 2045 191 2084 quos
224 2038 412 2071 nostrates
444 2030 648 2081 vulgariter
685 2029 816 2067 dicunt
850 2030 1012 2067 izcslz'lz'as
1040 2041 1124 2068 esse
1158 2035 1336 2075 errantes,
1367 2029 1548 2068 obtinere.

90 2099 142 2137 Et
162 2110 307 2137 nomen
335 2096 492 2148 quidem
520 2095 667 2141 erroris,
690 2094 758 2132 etsi
783 2106 864 2132 non
890 2094 1028 2141 officio,
1058 2096 1234 2144 personis
1261 2103 1391 2132 tamen
1415 2107 1550 2133 eorum

92 2164 274 2202 conuenit
294 2163 359 2213 qui
379 2169 512 2200 euntes
527 2168 616 2211 post
636 2159 968 2209 concupiscentias
988 2172 1076 2198 suas
1095 2160 1135 2198 in
1156 2167 1301 2198 sectatu
1317 2160 1499 2197 auaritiae
1512 2167 1550 2197 et

92 2229 392 2280 depraedatione
420 2227 665 2278 popularium
692 2238 714 2263 a
741 2225 888 2263 tramite
916 2226 1116 2274 aequitatis
1142 2227 1331 2264 aberrant.
1397 2225 1554 2263 Debent

93 2302 222 2333 autem
253 2294 380 2332 officia
399 2293 575 2331 omnium
595 2303 679 2329 esse
699 2290 873 2340 gratuita,
893 2298 931 2328 vt
951 2290 1042 2328 nihil
1061 2291 1154 2328 vltra
1175 2298 1358 2328 statutum
1378 2290 1553 2340 exigatur

93 2360 162 2399 sed
182 2372 254 2398 nec
274 2359 487 2409 recipiatur.
536 2357 613 2395 Sed
633 2356 729 2394 forte
744 2355 838 2406 quid
859 2362 1040 2393 statutum
1061 2356 1107 2393 sit
1128 2356 1292 2405 quaeris.
1349 2355 1552 2394 Plebiscito

93 2425 311 2464 continetur
331 2436 379 2462 ne
401 2424 487 2474 quis
506 2422 729 2473 praesidum
749 2433 891 2458 munus
911 2420 1107 2459 donumue
1125 2427 1276 2470 caperet
1290 2421 1363 2458 nisi
1383 2420 1555 2458 esculen-

94 2497 178 2528 tum
206 2490 518 2540 poculentumue,
545 2495 584 2526 et
612 2487 651 2525 id
680 2486 834 2537 quidem
863 2487 961 2524 intra
987 2486 1068 2525 dies
1093 2486 1291 2536 proximos
1320 2486 1554 2535 prodigatur.

97 2555 217 2602 Quod
236 2562 273 2593 et
292 2554 342 2592 ad
361 2553 613 2604 proconsules
634 2553 805 2602 aliosque
829 2552 1072 2600 magistratus
1092 2564 1139 2589 ex
1159 2551 1342 2589 mandato
1368 2550 1556 2601 principio

97 2621 244 2658 transit.
301 2619 394 2657 Non
413 2631 502 2657 vero
530 2619 570 2656 in
598 2624 723 2656 toturn
751 2616 892 2654 debent
921 2617 1044 2654 xeniis
1073 2616 1275 2661 abstinere,
1297 2615 1364 2654 sed
1392 2616 1553 2654 modum

99 2679 305 2721 adhibere?
362 2680 423 2718 Cf.
442 2680 532 2718 ibid.
554 2693 637 2730 cap.
658 2681 731 2718 xvi.
754 2677 848 2728 (580
870 2678 917 2722 A,
938 2678 997 2716 ed.
1023 2677 1187 2729 Migne).
1245 2677 1333 2716 The
1351 2678 1490 2716 author
1516 2664 1562 2716 of

102 2748 167 2786 the
186 2746 376 2795 Dialogus
393 2745 542 2794 usually
562 2745 693 2783 avoids
711 2745 785 2782 this
805 2744 1034 2792 ambiguous
1054 2743 1259 2793 participle.

209 2813 233 2850 1.
258 2822 317 2860 25.
346 2812 578 2850 laboribus
597 2814 643 2849 et
662 2811 932 2856 sumptibus,
956 2809 977 2845 i.
991 2821 1022 2846 e.
1043 2808 1106 2847 the
1127 2809 1274 2846 trouble
1294 2808 1371 2847 and
1390 2819 1559 2859 expense
