2022 3281
106 185 143 220 11
166 173 327 234 PROL.]
590 176 677 218 DE
709 175 1068 220 SCACCARIO
1476 187 1555 218 111

165 290 340 331 XVIII.
373 288 573 343 Qualiter
593 289 658 331 vir
682 304 761 344 pro
782 304 919 332 vxore
942 289 1011 331 vel
1038 302 1150 332 vxor
1178 303 1257 343 pro
1281 289 1373 331 viro
1401 302 1561 330 conue-

107 359 266 399 nienda
287 364 354 399 est
376 371 474 399 cum
497 358 568 399 ille
589 358 658 400 vel
681 359 755 400 illa
776 359 987 400 soluendo
1009 372 1097 400 non
1121 365 1199 400 est.

164 427 292 468 XIX.
328 426 460 480 Quod
496 441 583 469 non
622 428 678 470 sit
719 427 835 469 idem
876 428 1031 469 modus
1072 427 1307 469 coercionis
1346 427 1560 468 baronum

106 496 217 548 regis
238 502 282 537 et
304 495 489 536 aliorum
511 496 553 537 in
576 496 698 550 penis
720 496 988 551 pecuniariis.

164 565 265 606 XX.
298 564 418 618 Quid
453 565 698 607 faciendum
740 579 838 607 cum
880 578 1116 607 economus
1155 565 1230 619 qui
1270 564 1403 606 fidem
1437 564 1561 606 dedit
1582 582 1598 616 5

107 634 161 676 de
181 634 486 676 satisfaciendo
509 647 596 675 non
618 641 853 688 comparet.

164 702 291 743 XXI.
326 702 445 756 Quid
486 716 585 744 curn
625 703 803 744 veniens
846 716 933 744 non
975 702 1196 751 satisfacit,
1238 702 1273 743 si
1320 701 1443 743 miles
1484 707 1561 742 est.

106 770 238 826 Quid,
261 772 295 812 si
318 785 405 812 non
428 771 561 814 miles.

164 841 320 881 XXII.
354 840 554 895 Qualiter
579 842 672 895 ipse
703 841 908 883 dominus
939 841 1184 894 puniendus
1213 847 1278 882 est
1307 839 1380 894 qui
1404 844 1562 894 sponte

106 910 289 950 militem
313 911 518 964 exposuit
538 918 585 951 vt
607 910 744 963 possit
766 911 939 952 interim
963 910 1146 952 liberari.
1586 925 1624 948 10

165 978 342 1019 XXIII.
376 978 495 1032 Quid
531 979 586 1020 de
614 985 771 1033 sponte
807 979 1087 1021 offerentibus
1110 978 1355 1020 faciendum
1387 990 1487 1019 cum
1520 983 1563 1018 et

105 1046 187 1100 ipsi
211 1061 296 1088 non
317 1047 506 1089 soluunt.

164 1116 337 1158 XXIV.
370 1116 488 1170 Quid
511 1117 566 1158 de
588 1115 757 1158 releuiis
779 1123 936 1169 sponte
958 1130 1046 1158 non
1069 1115 1236 1158 solutis.

164 1185 313 1226 XXV.
347 1184 464 1238 Quid
485 1186 540 1227 de
561 1185 714 1227 auibus
736 1185 896 1227 oblatis
917 1184 1167 1227 faciendum
1189 1191 1232 1226 et
1253 1197 1342 1238 quo
1363 1189 1561 1238 tempore

105 1254 438 1294 summonende.
1583 1269 1621 1302 15

163 1322 335 1363 XXVI.
369 1323 440 1364 De
461 1337 566 1364 auro
586 1323 747 1377 regine.

161 1390 360 1431 XXVII.
393 1391 525 1445 Quod
553 1391 678 1434 aliter
708 1392 764 1433 de
788 1390 921 1433 firmis
953 1398 1085 1445 atque
1113 1390 1238 1432 aliter
1269 1389 1325 1431 de
1353 1389 1562 1431 custodiis

103 1460 458 1513 respondendum
480 1466 523 1502 et
545 1460 627 1502 sub
650 1460 733 1502 alio
754 1467 905 1502 tenore
927 1459 1036 1502 fides
1058 1460 1220 1500 danda.

161 1529 384 1571 XXVIII.
418 1529 551 1584 Quod
574 1529 682 1571 fides
697 1530 966 1571 vicecomitis
986 1528 1120 1571 semel
1143 1530 1247 1570 data
1269 1529 1323 1570 de
1345 1527 1562 1582 legittimo

102 1605 312 1653 compoto
335 1598 524 1640 sufficiat
546 1613 623 1653 per
643 1598 908 1640 vniuersum.
1585 1613 1624 1635 20

601 1711 759 1766 Incipit
781 1711 891 1753 liber
912 1707 1161 1767 secundus]

194 1804 311 1846 UDI
339 1816 407 1844 me
438 1802 570 1844 frater
594 1807 638 1843 et
666 1802 842 1843 auribus
868 1802 1074 1843 audiendi
1100 1801 1274 1855 percipe
1299 1814 1385 1854 que
1408 1799 1563 1854 loquar

242 1873 337 1914 tibi.
414 1872 516 1912 Non
557 1871 772 1925 penitebit
805 1878 851 1912 te
888 1871 1110 1912 modicum
1150 1877 1326 1924 tempus
1363 1876 1562 1923 ereptum

104 1941 202 1982 otiis
224 1941 473 1993 impendere
488 1939 600 1980 velle
620 1940 818 1992 negotiis.
871 1939 986 1981 Sunt
1007 1940 1122 1981 enim
1145 1953 1231 1980 non
1252 1939 1359 1980 nulli
1380 1939 1455 1992 qui
1477 1952 1563 1979 non

105 2010 365 2050 erubescunt
393 2009 536 2049 dicere
567 2008 609 2049 in
640 2008 844 2050 cordibus
874 2009 964 2049 suis
996 2008 1096 2061 ‘qui
1128 2008 1312 2061 apponit
1337 2007 1562 2049 scientiam
1583 2022 1622 2054 25

105 2078 287 2131 apponit
303 2083 346 2118 et
364 2074 589 2118 dolorem.'
650 2076 748 2117 Hiis
765 2090 948 2117 onerosa
966 2082 1033 2117 est
1053 2076 1252 2117 doctrina
1268 2082 1311 2117 et
1327 2076 1561 2117 iocundum

105 2146 329 2199 desipere:
362 2152 541 2199 propter
570 2144 653 2187 hoc
681 2144 737 2186 ab
763 2145 847 2185 hiis
877 2144 1005 2198 longe
1033 2144 1149 2185 facta
1177 2152 1242 2185 est
1269 2144 1439 2193 veritas,
1462 2145 1564 2197 quia

106 2221 350 2256 metuentes
368 2214 603 2255 iocundum
625 2212 851 2267 discipline
868 2213 1064 2254 laborem
1085 2213 1280 2254 incidunt
1298 2213 1342 2254 in
1360 2226 1561 2255 errorem.

106 2284 238 2324 Fiunt
266 2284 397 2337 igitur
426 2283 515 2324 ceci
549 2282 694 2333 corde,
723 2282 982 2336 viarumque
1013 2281 1205 2335 pericula
1242 2295 1328 2322 non
1358 2282 1561 2324 videntes

104 2353 250 2406 pronis
281 2351 499 2405 gressibus
535 2351 579 2391 in
610 2351 889 2404 precipitium
924 2357 1068 2392 ruunt.
1129 2350 1295 2391 Verum
1326 2356 1381 2400 te,
1417 2350 1560 2402 frater,
1580 2364 1623 2396 30

104 2421 247 2462 nullus
269 2421 362 2461 dies
388 2420 577 2461 otiosum
604 2420 800 2460 inueniat
821 2433 875 2461 ne
898 2425 942 2460 te
966 2419 1077 2460 forte
1105 2426 1335 2460 vacantem
1361 2420 1560 2472 pessimis

104 2490 350 2543 quibusque
382 2489 568 2530 subiciat
599 2488 773 2542 pronior
809 2488 853 2528 in
885 2488 1048 2529 malum
1080 2486 1342 2529 infirmitatis
1373 2488 1561 2531 humane

104 2558 312 2598 conditio.
374 2557 505 2610 Quod
543 2558 579 2598 si
621 2557 732 2598 forte
768 2557 846 2598 tibi
884 2556 1003 2598 nulla
1042 2563 1157 2607 sunt,
1193 2556 1379 2599 honesta
1411 2563 1561 2601 tamen

105 2624 221 2678 finge
250 2626 434 2679 negotia,
462 2632 508 2666 vt
536 2639 709 2679 semper
734 2624 999 2666 exercitatus
1027 2624 1197 2666 animus
1226 2625 1473 2680 expeditior
1502 2627 1560 2669 sit

154 2746 174 2780 3
201 2736 296 2781 regis
313 2737 492 2771 baronum
509 2737 606 2782 regis
624 2738 660 2772 R
788 2746 830 2772 10
856 2742 894 2771 vt
912 2736 1030 2781 possit
1049 2747 1117 2771 om.
1136 2737 1171 2771 R
1296 2746 1338 2781 13
1363 2737 1500 2774 releuio
1516 2739 1564 2774 N

107 2785 226 2819 soluto
243 2784 289 2817 N
351 2793 393 2826 14
411 2784 543 2819 ablatis
561 2785 608 2818 N
678 2793 718 2827 17
739 2782 864 2827 Quod]
886 2783 983 2828 Quid
1002 2784 1037 2818 R
1100 2781 1225 2829 atque]
1243 2790 1279 2819 et
1301 2785 1332 2819 C
1395 2795 1437 2829 19
1454 2786 1555 2822 vice-

105 2830 251 2866 comitis
269 2841 336 2865 om.
356 2831 388 2866 C
479 2839 522 2874 27
548 2831 717 2877 decipere
734 2832 780 2865 N
859 2840 899 2875 31
929 2828 989 2875 ne]
1009 2841 1078 2866 nec
1094 2831 1142 2866 N
1222 2838 1419 2867 vocantem
1434 2833 1513 2868 NR
