2022 3281
125 189 141 223 1
164 181 210 222 xi
233 178 284 238 E]
607 180 693 221 DE
727 178 1085 223 SCACCARIO
1494 191 1575 234 103

123 308 198 336 sue
220 296 376 336 domus
405 294 461 335 de
486 292 668 349 propriis
696 293 945 336 nemoribus
973 307 1060 335 non
1089 299 1316 335 assumunt
1341 293 1414 343 hii,
1436 293 1509 346 qui
1533 293 1575 333 in

123 363 281 405 foresta
306 377 384 405 sua
412 363 578 404 habent
606 364 837 411 domicilia,
860 363 941 404 nisi
969 375 1048 416 per
1073 361 1215 403 visum
1245 375 1393 404 eorum
1420 362 1493 415 qui
1520 363 1576 403 ad

122 433 282 474 foreste
303 432 547 473 custodiam
577 434 852 487 deputantur.
914 432 1079 474 Verum
1101 437 1203 472 sunt
1228 430 1372 485 plures
1394 431 1469 484 qui
1491 431 1579 472 suis

120 501 254 542 velint
276 501 542 554 argumentis
564 508 769 553 astruere,
786 501 905 555 quod
928 501 983 542 de
1004 500 1178 542 essartis
1199 499 1282 540 hiis
1304 499 1447 541 nullus
1469 499 1580 541 liber

122 568 179 609 sit
201 567 370 608 ratione
392 567 595 608 sessionis
617 569 672 609 ad
699 568 972 609 scaccarium.
1037 565 1085 607 Si
1111 566 1207 619 quis
1229 566 1344 606 enim
1369 566 1452 607 illic
1474 565 1577 606 resi·
1596 583 1615 616 5

121 636 321 678 dentium
345 649 446 690 erga
468 637 707 691 principem
730 637 887 689 quouis
908 636 1179 688 delinqueret
1201 632 1446 685 infortunio,
1463 635 1577 676 vnde

121 705 411 759 pecuniariter
442 706 583 758 puniri
615 712 862 757 mereretur,
891 718 917 746 a
948 718 1061 758 pena
1091 703 1164 745 illa
1198 703 1307 744 liber
1343 717 1429 745 non
1465 710 1578 745 esset

122 774 204 815 nisi
226 774 402 827 speciali
426 775 629 828 principis
652 776 872 816 mandato,
935 773 1047 815 Cum
1065 786 1168 827 ergo
1184 779 1396 814 essartum
1414 773 1577 815 factum

122 856 330 884 excessus
360 843 414 883 sit
443 843 488 883 in
515 842 721 884 forestam
748 844 872 898 regis,
894 856 981 884 non
1011 842 1158 890 debet,
1180 848 1228 883 vt
1254 842 1418 890 dicunt,
1439 842 1474 882 is
1503 842 1577 895 qui

122 910 182 949 sic
219 909 432 963 delinquit
469 917 512 951 et
549 915 727 963 propter
763 909 846 951 hoc
882 909 1072 963 punitur,
1107 908 1188 949 nisi
1226 909 1336 961 regis
1367 922 1578 961 expresso

123 978 333 1020 mandato
368 978 554 1020 liberari.
628 978 726 1020 Hec
763 978 910 1031 itaque
952 978 1064 1018 ratio
1101 977 1201 1018 licet
1236 977 1406 1019 subtilis
1442 978 1498 1019 sit
1534 985 1578 1019 et

121 1047 319 1088 videatur
349 1047 566 1101 aliquibus
598 1060 710 1100 pene
743 1046 971 1095 sufficiens,
1005 1046 1157 1087 obuiat
1188 1053 1336 1088 tamen
1365 1046 1425 1087 illi
1458 1047 1577 1100 quod

120 1129 233 1168 pena
265 1130 344 1169 pro
375 1116 547 1156 essartis
584 1115 822 1156 constituta
857 1115 913 1155 sit
944 1121 987 1156 et
1022 1116 1267 1156 communis
1300 1115 1342 1156 in
1373 1115 1470 1156 illos
1505 1116 1578 1169 qui

120 1185 180 1225 sic
212 1185 481 1237 delinquunt,
505 1191 551 1225 vt
583 1184 746 1225 scilicet
777 1197 855 1236 pro
887 1189 1053 1224 essarto
1085 1184 1242 1238 iugeris
1272 1184 1395 1226 vnius
1420 1185 1577 1226 triticei

120 1253 287 1293 solidus
310 1267 417 1294 vnus
439 1253 646 1304 soluatur,
669 1267 748 1306 pro
776 1253 923 1307 iugere
944 1266 1048 1293 vero
1075 1266 1163 1306 quo
1184 1253 1338 1294 seritur
1362 1267 1502 1294 auena
1521 1254 1576 1294 vi.

120 1322 283 1363 denarii
321 1323 412 1363 iure
444 1329 670 1376 perpetuo.
732 1322 806 1363 Ex
847 1322 931 1362 hiis
972 1327 1122 1362 autem
1162 1322 1385 1375 particulis
1426 1330 1579 1364 coacta

120 1404 291 1432 summa
324 1391 514 1443 quedam
547 1398 733 1444 exurget
758 1392 813 1432 de
844 1405 930 1444 qua
960 1391 1205 1432 vicecomes
1236 1392 1293 1432 ad
1317 1392 1578 1433 scaccarium

120 1460 385 1513 respondere
409 1467 597 1511 tenetur,
625 1461 735 1502 sicut
763 1474 821 1501 ex
852 1460 1103 1502 constitutis
1129 1459 1301 1501 duobus
1332 1459 1479 1501 solidis
1509 1460 1580 1501 vel

118 1542 204 1570 vno
227 1542 304 1582 per
324 1528 511 1583 singulas
527 1529 652 1571 hidas
669 1530 904 1571 comitatus
925 1543 1096 1570 summa
1111 1543 1210 1578 vna,
1226 1543 1312 1582 que
1334 1530 1578 1571 communis

118 1598 251 1639 assisa
274 1604 562 1652 nuncupatur,
584 1599 806 1641 excrescit.
863 1598 980 1652 Quia
1000 1599 1133 1652 igitur
1150 1598 1192 1639 in
1217 1598 1297 1639 hiis
1323 1613 1576 1653 expressam

118 1666 253 1708 habet
289 1667 618 1710 similitudinem
658 1675 869 1709 essartum
901 1682 999 1709 cum
1031 1667 1166 1709 assisa
1203 1669 1436 1719 communi,
1468 1669 1578 1711 sicut

120 1736 285 1776 dictum
327 1743 405 1788 est,
436 1737 571 1778 videri
613 1738 760 1791 potuit
802 1751 892 1778 non
933 1737 1134 1778 inmerito
1178 1737 1375 1778 similiter
1404 1739 1579 1791 quietos

118 1804 346 1846 habendos
378 1805 473 1846 illos
503 1807 559 1847 ab
591 1806 764 1847 essartis
794 1813 843 1848 vt
873 1805 930 1847 ab
960 1805 1054 1846 aliis
1085 1807 1390 1848 communibus
1421 1808 1577 1848 assisis.

121 1873 234 1914 Item
270 1873 421 1915 obuiat
456 1874 517 1914 eis
558 1874 881 1915 consuetudinis
921 1887 1109 1927 vsusque
1150 1874 1324 1928 longeui
1363 1889 1451 1916 non
1482 1876 1578 1917 vilis

119 1941 366 1982 auctoritas.
428 1941 552 1983 Sicut
589 1943 703 1983 enim
736 1942 962 1984 retroactis
992 1943 1262 1996 temporibus
1294 1943 1423 1984 fuisse
1458 1958 1576 1986 com-

121 2016 366 2051 memorant
407 2011 565 2063 quibus
607 2025 716 2052 cana
757 2011 965 2052 memoria
1005 2017 1082 2062 est,
1122 2012 1211 2053 vidi
1242 2027 1325 2066 ego
1367 2013 1470 2067 ipse,
1505 2014 1578 2067 qui

121 2078 275 2131 loquor
304 2085 463 2130 tecum,
485 2079 706 2120 modernis
737 2080 1008 2133 temporibus
1041 2080 1340 2133 Legrecestrie
1370 2082 1576 2124 comitem

123 2148 382 2197 Robertum‚
403 2148 542 2188 virum
570 2148 816 2200 discretum,
844 2148 997 2190 litteris
1022 2149 1238 2190 eruditum
1260 2156 1303 2190 et
1329 2151 1371 2190 in
1393 2151 1578 2204 negotiis

121 2215 365 2257 forensibus
396 2217 697 2258 exercitatum.
761 2217 848 2259 Hic
880 2217 1116 2270 ingenitam
1147 2217 1312 2259 habens
1337 2219 1470 2259 animi
1494 2220 1576 2261 vir-

1600 910 1639 932 10

1596 946 1628 977 D

1600 1269 1638 1302 15

1599 1614 1639 1637 20

120 2292 261 2327 tutem
283 2292 462 2339 paterne
490 2300 666 2340 quoque
694 2287 924 2340 prudentie
952 2287 1127 2328 sedulus
1156 2286 1372 2328 emulator
1397 2287 1577 2330 effectus
1596 2305 1638 2338 30

120 2361 196 2403 est,
218 2354 338 2395 cuius
359 2355 572 2396 industria
599 2354 792 2409 pluribus
814 2356 1064 2396 examinata
1094 2362 1158 2396 est
1181 2370 1313 2410 penes
1338 2357 1576 2412 principem

120 2429 328 2473 nostrum,
357 2423 597 2465 Henricum
625 2425 877 2472 secundum,
900 2431 1033 2478 atque
1061 2425 1171 2465 adeo
1199 2426 1419 2467 conualuit
1443 2440 1577 2479 penes

126 2505 240 2541 eum,
276 2505 407 2545 quem
449 2506 528 2534 nec
567 2493 746 2547 palliata
783 2494 1016 2549 prudentia
1045 2507 1125 2534 nec
1158 2493 1430 2535 dissimulata
1464 2495 1576 2538 fallit

121 2560 296 2613 ineptia,
327 2567 374 2602 vt
410 2576 467 2602 ex
504 2563 714 2604 mandato
750 2563 883 2617 ipsius
925 2576 1011 2604 non
1050 2561 1193 2604 solum
1223 2563 1280 2604 ad
1312 2564 1573 2605 scaccarium
1595 2580 1622 2611 E

173 2660 193 2684 2
211 2651 400 2695 prouisum
417 2652 452 2686 R
571 2653 716 2688 illorum
737 2653 767 2688 C
898 2662 920 2697 9
938 2651 983 2697 is]
1003 2652 1061 2687 his
1081 2653 1116 2687 R
1235 2662 1278 2688 10
1296 2653 1486 2699 delinquid
1504 2655 1582 2690 CN

124 2705 167 2740 14
185 2696 238 2742 vt]
259 2698 315 2732 vel
338 2698 369 2732 C
497 2707 536 2744 15
564 2699 620 2744 vi.]
638 2712 668 2736 v.
686 2701 722 2734 R
852 2710 898 2734 20
923 2700 959 2734 in
977 2699 1048 2734 hiis
1066 2711 1135 2734 om.
1152 2701 1188 2735 R
1324 2711 1366 2745 23
1392 2701 1455 2746 ab]
1475 2703 1523 2737 ad
1541 2704 1577 2737 R

123 2752 166 2788 25
187 2743 302 2789 Sicut]
321 2745 382 2780 Sic
399 2745 476 2780 NR
570 2748 614 2782 26
632 2759 724 2782 sana
740 2748 776 2781 R
871 2746 956 2781 vide
976 2747 1007 2782 C
1096 2756 1136 2790 31
1150 2750 1240 2792 post
1262 2749 1472 2784 examinata
1488 2750 1574 2785 add.

121 2792 231 2836 plena
244 2792 279 2825 R
373 2801 416 2836 32
436 2793 613 2829 Hericum
630 2795 678 2829 N
780 2803 836 2838 32,
855 2804 898 2838 33
915 2800 1027 2839 atque
1043 2793 1138 2828 adeo
1155 2795 1342 2830 conualuit
1360 2807 1473 2840 penes
1491 2807 1576 2831 eum

122 2849 194 2873 om.
217 2838 294 2873 NR
411 2849 455 2885 34
472 2842 562 2887 post
576 2841 717 2887 ineptia
734 2842 818 2876 add.
834 2848 946 2887 atque
963 2840 1056 2876 adeo
1073 2841 1259 2877 conualuit
1275 2853 1389 2888 penes
1407 2842 1485 2878 eius
1502 2844 1539 2879 R
