2022 3281
438 177 519 232 138
927 178 1013 220 DE
1047 176 1409 221 SCACCARIO
1735 176 1792 236 [11
1815 194 1846 220 x
1868 189 1885 220 1

437 292 708 345 delinquunt.
790 291 990 332 Publicas
1031 290 1163 343 igitur
1202 295 1246 330 et
1285 290 1466 333 vsitatas
1510 304 1658 333 vsuras
1701 292 1885 333 dicimus

436 361 625 412 quando,
656 373 777 401 more
805 359 1052 407 Iudeorum,
1074 358 1117 398 in
1149 357 1303 398 eadem
1333 359 1478 411 specie
1508 373 1565 400 ex
1595 361 1885 402 conuentione

436 431 532 482 quis
579 429 766 482 amplius
811 434 1090 481 percepturus
1130 433 1207 475 est,
1248 440 1380 479 quam
1421 430 1730 476 commodauit,
1773 430 1886 470 sicut

435 496 589 537 libram
630 510 709 549 pro
750 509 894 536 marca
933 495 1002 535 vel
1043 508 1123 547 pro
1163 494 1274 535 libra
1309 495 1478 547 argenti
1518 495 1560 536 ii.
1599 497 1799 538 denarios
1840 498 1883 537 in

396 583 414 615 5
435 567 725 620 septimanam
755 565 810 605 de
836 564 955 605 lucro
984 569 1128 616 preter
1153 569 1329 604 sortem.
1390 563 1492 604 Non
1520 565 1715 617 publicas
1737 574 1884 608 autem

434 641 500 675 set
542 640 689 674 tamen
729 632 1029 684 dampnabiles
1075 645 1174 672 cum
1215 632 1311 684 quis
1357 631 1540 673 fundum
1580 633 1769 686 aliquem
1815 634 1885 677 vel

434 704 659 744 ecclesiam
687 716 767 756 pro
798 701 1079 742 commodato
1107 701 1284 754 suscipit
1311 707 1367 749 et,
1390 708 1594 742 manente
1621 703 1748 743 sortis
1774 704 1883 744 inte-

432 772 605 825 gritate,
642 769 807 811 fructus
846 769 950 817 eius,
991 769 1130 810 donec
1173 783 1264 810 sors
1306 769 1401 822 ipsa
1439 768 1582 810 soluta
1622 769 1761 820 fuerit,
1802 771 1884 812 sibi

431 839 627 893 percipit.
688 838 788 879 Hoc
823 852 976 891 genus,
1011 844 1191 891 propter
1225 837 1420 879 laborem
1462 843 1506 879 et
1541 845 1765 892 sumptum
1809 840 1884 892 qui

374 923 413 946 10
433 909 475 949 in
500 907 773 961 agriculturis
795 905 936 948 solent
961 907 1165 960 impendi,
1188 906 1384 947 licentius
1406 907 1546 947 visum
1573 913 1666 957 est;
1697 914 1762 949 set
1783 922 1884 962 pro-

430 976 634 1017 culdubio
650 976 876 1017 sordidum
893 982 958 1017 est
979 982 1024 1018 et
1045 976 1155 1016 inter
1175 989 1325 1017 vsuras
1346 976 1502 1017 merito
1525 977 1883 1030 computandum.

432 1044 565 1098 Quod
603 1046 638 1086 si
672 1046 861 1086 creditor
890 1058 1047 1085 auarus
1079 1051 1122 1086 et
1154 1045 1196 1085 in
1229 1045 1397 1085 ruinam
1433 1045 1577 1084 anime
1609 1058 1686 1085 sue
1721 1059 1882 1098 pronus

430 1114 475 1155 in
502 1114 664 1167 scripto
695 1115 755 1156 sic
786 1114 974 1167 exprimi
1000 1115 1181 1167 dignum
1213 1113 1389 1154 duxerit
1414 1118 1461 1154 vt
1486 1113 1655 1155 dicatur
1686 1114 1883 1156 ‘Notum

429 1183 486 1224 sit
517 1184 720 1224 omnibus
751 1185 870 1236 quod
904 1197 985 1236 ego
1015 1183 1073 1224 N.
1112 1183 1252 1223 debeo
1284 1181 1341 1223 N.
1372 1195 1408 1222 c.
1442 1195 1608 1223 marcas
1639 1183 1807 1235 argenti
1839 1189 1883 1225 et

369 1270 408 1304 15
428 1266 508 1306 pro
539 1253 620 1293 hiis
652 1265 685 1293 c.
718 1253 874 1293 marcis
906 1252 1125 1292 inuadiaui
1157 1252 1196 1292 ei
1232 1258 1393 1292 terram
1426 1251 1545 1291 illam
1575 1265 1655 1304 pro
1685 1266 1730 1292 x.
1763 1251 1882 1294 libris

427 1334 654 1373 quousque
680 1334 773 1374 ego,
795 1320 863 1361 vel
891 1320 1014 1360 heres
1043 1333 1177 1367 meua
1203 1319 1368 1360 soluam
1398 1319 1491 1372 ipsi,
1512 1318 1581 1360 vel
1609 1319 1758 1360 heredi
1787 1334 1881 1371 suo,

324 1415 327 1417 Α
387 1394 409 1436 J
427 1389 645 1443 predictas
670 1403 705 1430 e.
729 1386 947 1438 marcas’;
975 1401 1073 1429 cum
1096 1394 1195 1442 post
1217 1394 1405 1428 mortem
1430 1388 1657 1429 creditoris
1686 1390 1743 1429 ad
1769 1390 1881 1442 regis

424 1457 494 1498 vel
516 1457 764 1511 principalis
791 1457 1005 1498 iustitiarii
1032 1457 1232 1498 notitiam
1258 1456 1388 1497 huius
1416 1456 1584 1497 famose
1610 1463 1728 1498 carte
1752 1465 1880 1498 tenor

425 1527 679 1580 peruenerit,
702 1526 744 1566 in
768 1525 918 1578 primis
941 1525 1063 1566 fedus
1086 1525 1243 1566 fenoris
1269 1531 1448 1578 questus
1474 1526 1879 1579 condempnabitur,

365 1609 406 1631 20
425 1601 468 1636 et
509 1595 704 1645 creditor,
735 1595 898 1647 scripto
939 1608 1019 1635 suo
1060 1593 1353 1646 deprehensus
1384 1592 1610 1641 fenerator,
1643 1594 1877 1635 mobilibus

425 1664 514 1704 suis
545 1664 749 1717 indignus
781 1662 1053 1704 iudicabitur.
1114 1662 1247 1715 Quod
1281 1663 1317 1703 si
1349 1661 1383 1702 is
1415 1663 1535 1702 cuius
1567 1661 1725 1703 fundus
1757 1670 1822 1705 est
1853 1678 1879 1705 a

424 1746 525 1786 rege
561 1730 896 1785 quomodolibet
928 1732 1167 1784 optinuerit
1198 1736 1246 1770 vt
1276 1731 1338 1771 sic
1375 1730 1608 1771 distractus
1639 1730 1722 1771 sibi
1755 1732 1877 1773 resti-

423 1806 583 1849 tuatur,
604 1801 646 1841 in
674 1808 790 1841 sorte
811 1807 906 1842 tota
927 1800 1106 1840 domino
1129 1799 1219 1852 regi
1241 1798 1460 1839 tenebitur
1481 1799 1613 1840 etiam
1635 1800 1669 1839 si
1692 1800 1880 1842 creditor

424 1883 503 1922 per
530 1870 753 1911 biennium
782 1870 850 1910 vel
879 1869 1068 1922 amplius
1096 1868 1350 1921 possederit.
1413 1868 1548 1921 Regis
1569 1874 1718 1909 tamen
1741 1871 1880 1910 muni-

365 1951 404 1984 25
425 1938 598 1979 ficentia
629 1939 684 1979 de
717 1951 887 1979 summa
923 1938 1050 1978 sortis
1087 1936 1201 1977 illius
1230 1942 1386 1977 taxare
1416 1937 1651 1985 consueuit,
1685 1937 1880 1978 maxime

423 2014 604 2060 propter
628 2007 856 2061 singularis
877 2006 1016 2060 gratie
1039 2019 1204 2055 munus,
1222 2005 1265 2045 in
1287 2018 1375 2058 quo
1397 2004 1598 2046 fidelibus
1620 2006 1706 2047 suis
1728 2007 1879 2048 debito

423 2076 673 2130 prelationis
694 2082 893 2125 tenetur3
925 2083 968 2117 et
998 2076 1101 2116 item
1130 2075 1234 2127 quia
1261 2074 1497 2123 creditoris,
1521 2081 1588 2116 set
1609 2075 1878 2124 feneratoris,

422 2145 497 2198 qui
518 2145 584 2186 sui
612 2145 752 2186 fidelis
773 2145 938 2185 enormi
968 2145 1132 2184 iactura
1154 2143 1318 2184 ditatus
1343 2143 1493 2191 fuerat,
1515 2143 1680 2184 ratione
1708 2144 1879 2197 publice

422 2215 655 2268 potestatis
686 2214 804 2255 bona
834 2212 982 2254 omnia
1013 2218 1298 2265 percepturus
1329 2218 1405 2252 est.
1466 2211 1579 2253 Sunt
1607 2218 1650 2253 et
1671 2211 1879 2266 pleraque

366 2304 406 2336 30
423 2283 518 2332 alia,
554 2296 640 2335 que
670 2281 942 2336 singulariter
972 2281 1028 2322 ad
1065 2280 1219 2321 fiscum
1256 2280 1486 2334 pertinent,
1519 2293 1605 2334 que
1635 2295 1722 2321 non
1753 2280 1877 2322 facile

423 2352 505 2392 sub
525 2364 611 2391 vna
639 2351 848 2405 scripture
877 2350 987 2391 serie
1014 2350 1150 2402 redigi
1178 2356 1373 2402 possunt,
1395 2349 1498 2402 quia
1526 2362 1613 2389 non
1639 2350 1877 2391 constituta

424 2425 490 2460 set
512 2419 700 2460 casualia
721 2425 835 2460 sunt.
886 2419 957 2459 De
985 2418 1066 2458 hiis
1096 2424 1244 2458 tamen
1277 2417 1575 2458 excidentibus
1602 2417 1731 2459 huius
1761 2419 1877 2459 tertii

423 2489 591 2540 generis
613 2501 699 2528 non
727 2502 858 2541 supra
879 2494 979 2541 post
1008 2487 1166 2533 firmas,
1188 2492 1254 2526 set
1279 2486 1386 2526 infra
1408 2491 1506 2539 post
1534 2487 1681 2527 omnia
1702 2487 1876 2540 placita,

425 2557 618 2609 compoti
656 2556 765 2598 fiunt
804 2563 906 2598 ante
945 2555 1104 2598 catalla
1138 2554 1433 2608 fugitiuorum,
1473 2560 1521 2596 vt
1567 2555 1662 2608 ipsa
1701 2570 1877 2610 quoque

474 2699 489 2725 1
518 2690 629 2734 igitur
645 2690 800 2726 dicimus
818 2702 947 2725 vsuras
967 2691 998 2725 C
1113 2698 1130 2734 5
1160 2687 1262 2733 Non]
1281 2699 1378 2723 nunc
1394 2689 1443 2723 N
1554 2690 1574 2724 8
1591 2689 1714 2734 fuerit]
1733 2691 1824 2725 fiunt
1841 2691 1876 2725 R

427 2747 471 2773 10
488 2737 642 2781 expendi
658 2738 687 2771 C
752 2747 765 2772 1
776 2747 789 2772 1
807 2737 938 2773 merito
950 2749 1016 2772 om.
1029 2738 1064 2771 R
1114 2735 1403 2781 computandum
1414 2736 1544 2772 merito
1555 2737 1603 2771 N
1664 2747 1704 2772 12
1722 2737 1825 2772 ruine
1834 2738 1882 2772 N

424 2793 466 2818 21
496 2783 714 2819 iudicabitur
731 2795 799 2819 om.
816 2785 851 2818 R
997 2784 1042 2818 26
1067 2782 1260 2828 singularis
1277 2788 1426 2828 propter
1441 2783 1489 2817 N
1625 2784 1668 2819 28
1694 2784 1792 2820 fideli
1807 2784 1873 2819 N:

423 2829 592 2866 fidelibus
608 2831 644 2865 R
739 2840 783 2874 29
807 2830 994 2876 pleraque]
1012 2831 1187 2876 pluraque
1205 2830 1252 2865 N
1251 2830 1281 2866 C
