2022 3281
145 230 183 264 11
207 221 255 263 ix
276 218 325 278 B]
631 220 717 262 DE
749 219 1110 263 SCACCARIO
1511 233 1589 277 131

143 334 199 375 ad
236 333 367 375 aliam
397 333 785 375 summonitionem
816 333 1144 388 promerebitur.
1205 333 1442 387 Oporteret
1476 334 1593 376 enim

143 403 271 445 scribi
294 403 336 443 in
360 403 501 444 rotulo
521 403 587 443 ‘in
610 403 814 458 perdonis
835 416 913 457 per
933 403 1065 445 breue
1086 402 1198 456 regis
1220 403 1279 444 illi
1301 404 1358 444 N.
1382 418 1416 446 c.
1439 403 1593 455 libras,'

142 478 208 514 set
229 472 331 526 quia
360 485 446 512 non
468 472 638 513 videtur
659 472 835 514 omnino
856 472 1082 514 dimissum
1104 473 1223 525 quod
1245 472 1440 514 nondum
1457 478 1523 514 est
1548 472 1593 512 in

141 540 264 582 breui
285 553 551 594 expressum,
572 548 753 594 cogetur
777 541 811 582 is
838 540 976 582 multo
1001 540 1149 582 labore
1174 554 1351 595 querere
1376 554 1453 594 per
1473 541 1593 594 quod

141 616 357 651 mereatur
378 608 559 650 absolui.
624 610 744 663 Ergo
767 610 809 651 in
829 610 911 651 hiis
931 609 940 627 ‘
957 623 1043 651 non
1069 623 1279 664 expressa
1298 609 1506 664 fatigant!
1612 630 1630 661 5

196 678 457 731 Dz‘scz'pulus.
521 678 655 720 salua
683 679 736 720 sit
769 679 1009 721 reuerentia
1039 679 1298 733 presidentis
1328 685 1372 721 et
1400 679 1593 721 assiden-

139 746 264 798 tium,
284 747 352 788 hic
379 761 466 790 non
488 747 659 789 videtur
681 761 756 802 per
777 748 924 790 omnia
946 748 1059 801 regis
1083 749 1290 790 mandato
1311 747 1591 790 satisfactum.

138 816 235 857 Nec
257 817 370 858 enim
392 817 564 870 quietus
593 823 658 858 est
679 830 809 870 quem
838 818 1033 871 quietum
1055 831 1148 859 esse
1173 817 1407 868 mandauit,
1428 817 1592 859 addens

140 885 273 927 etiam
296 899 471 927 causam
493 899 572 940 pro
592 899 679 940 qua
700 886 782 927 sibi
804 888 1046 928 tenebatur.

195 955 426 1008 Magister.
489 955 632 997 Immo
661 955 783 996 salua
804 956 861 997 sit
886 957 928 996 in
957 956 1038 997 hiis
1066 955 1317 1010 scrupulose
1340 956 1496 998 mentis
1518 962 1593 998 tue
1614 974 1653 996 10

139 1024 354 1065 subtilitas
373 1039 381 1065 ε
403 1037 529 1066 nosse
545 1024 721 1077 quidem
736 1024 949 1065 debueras
967 1025 1085 1078 quod
1102 1026 1140 1066 ei
1155 1025 1230 1079 qui
1247 1025 1343 1079 lege
1357 1025 1591 1079 plurimum

138 1092 304 1146 indiget
340 1093 432 1134 eius
466 1092 714 1146 ignorantia
753 1105 840 1133 non
880 1092 1096 1135 subuenit.
1160 1094 1203 1135 Is
1243 1107 1347 1147 ergo
1387 1094 1459 1148 qui
1501 1095 1592 1148 regi

138 1167 309 1203 tenetur
344 1161 531 1215 qualiter
561 1162 617 1202 ab
654 1161 737 1201 hoc
774 1161 942 1203 absolui
974 1162 1101 1215 plene
1135 1163 1286 1217 possit,
1317 1162 1399 1204 hoc
1431 1170 1497 1205 est
1526 1177 1591 1205 se-

137 1231 329 1272 cundum
375 1230 518 1283 legem
560 1230 615 1271 de
654 1229 737 1271 hiis
784 1231 1080 1281 constitutam,
1120 1231 1350 1285 diligenter
1389 1231 1592 1285 inquirat.

137 1298 271 1353 Quod
293 1298 327 1338 si
354 1312 440 1339 non
467 1298 626 1349 fecerit,
651 1312 738 1340 non
767 1299 1004 1352 presidenti
1030 1305 1096 1340 set
1125 1299 1206 1340 sibi
1236 1300 1435 1353 imputet.
1496 1300 1590 1342 Nec
1613 1322 1650 1353 15

136 1367 250 1409 enim
287 1367 387 1409 licet
427 1367 663 1421 presidenti
699 1367 757 1409 ab
798 1380 864 1419 eo,
900 1368 1019 1421 quod
1059 1368 1216 1410 detulit
1257 1369 1300 1408 in
1333 1368 1467 1420 breui,
1501 1369 1637 1410 iotaB

137 1442 317 1477 mutare.
380 1434 492 1477 Cum
516 1449 619 1489 ergo
648 1449 724 1489 per
747 1435 832 1478 hoc
859 1436 1032 1491 quietus
1061 1449 1150 1479 non
1174 1436 1242 1486 sit,
1265 1435 1443 1479 festinet
1471 1439 1590 1492 quod

135 1505 317 1558 expedit
338 1504 584 1558 impetrare.

190 1573 450 1627 Dz‘scz’pulus.
512 1572 655 1615 Cerno
686 1573 803 1628 quod
839 1573 920 1615 hec
957 1574 1151 1615 maxime
1186 1580 1366 1628 propter
1395 1574 1479 1617 hoc
1511 1575 1591 1617 ob-

133 1647 362 1683 seruantur
395 1647 443 1683 vt
478 1641 691 1697 scripture
726 1642 856 1685 rotuli
896 1655 985 1684 non
1020 1642 1327 1696 obloquantur.
1388 1643 1469 1686 Set
1499 1644 1588 1686 iarn
1611 1665 1650 1686 20

135 1723 248 1752 nunc
269 1723 532 1764 prosequere
552 1710 608 1752 de
629 1711 797 1754 ceteris.

190 1779 423 1832 Magister.
485 1778 596 1821 Cum
630 1779 762 1834 igitur
800 1780 948 1823 omnia
976 1779 1135 1822 fuerint
1165 1786 1376 1822 annotata
1403 1794 1489 1835 que
1518 1777 1588 1823 vel

132 1849 369 1890 constituta
389 1854 501 1897 sunt,
522 1846 591 1889 vel
613 1861 691 1902 per
716 1849 866 1890 breuia
890 1849 1003 1903 regis
1031 1849 1098 1890 vel
1122 1862 1199 1902 per
1227 1850 1588 1892 consuetudinem

133 1916 332 1958 scaccarii
349 1917 659 1971 computanda,
675 1917 735 1958 sic
752 1923 984 1971 compotus
999 1917 1119 1959 velut
1136 1917 1317 1960 infectus
1333 1918 1588 1972 relinquitur

132 1991 177 2027 et
197 1985 253 2026 ad
275 1985 360 2026 alia
382 1991 700 2027 conuertuntur.
774 1986 867 2028 Nec
890 1986 1005 2027 enim
1032 1991 1040 2008 ‘
1060 1992 1104 2027 et
1125 1986 1296 2040 quietus
1319 1985 1407 2028 est’
1428 1987 1497 2028 vel
1519 1991 1529 2008 ‘
1543 1995 1586 2030 et
1608 2006 1645 2036 25

133 2051 289 2095 debet'
320 2053 362 2094 in
390 2054 536 2095 annali
563 2054 785 2104 scribetur,
807 2067 884 2108 per
915 2068 1001 2108 que
1031 2054 1194 2096 scilicet
1222 2062 1455 2108 compotus
1483 2069 1585 2097 con-

130 2128 374 2164 summatus
397 2122 567 2174 dicitur,
588 2123 728 2166 donec
750 2122 806 2164 de
834 2124 1036 2165 omnibus
1068 2137 1153 2177 que
1174 2124 1217 2164 in
1245 2125 1586 2167 summonitione

131 2191 405 2232 continentur
445 2192 712 2234 satisfecerit.
792 2191 925 2234 Cuius
957 2192 1018 2233 rei
1050 2205 1180 2234 causa
1211 2193 1316 2234 satis
1345 2206 1402 2234 ex
1431 2206 1584 2235 conse-

130 2260 366 2313 quentibus
406 2259 569 2314 liquere
609 2260 782 2314 poterit.
863 2260 969 2302 Post
1008 2267 1264 2315 compotum
1304 2262 1360 2302 de
1404 2275 1584 2316 corpore

130 2328 376 2376 comitatus,
397 2328 480 2370 hoc
503 2336 569 2370 est
598 2329 654 2370 de
682 2328 909 2383 principali
939 2328 1074 2378 firma,
1097 2329 1171 2383 qui
1199 2329 1308 2371 sicut
1337 2331 1582 2384 predictum
1604 2341 1644 2372 30

130 2403 196 2439 est
216 2410 353 2451 vsque
375 2398 419 2438 in
442 2397 572 2439 finem
594 2397 779 2440 infectus
799 2398 1063 2451 relinquitur,
1086 2404 1187 2452 post
1210 2399 1430 2440 modicum
1454 2399 1585 2441 inter-

128 2466 297 2508 stitium
327 2467 505 2519 ponitur
535 2473 767 2521 compotus
800 2467 856 2508 de
885 2467 1020 2507 veteri
1051 2466 1176 2508 firma
1205 2468 1468 2509 comitatus:
1500 2468 1583 2509 hoc

130 2541 196 2576 est
217 2547 303 2588 que
323 2548 426 2576 casu
448 2535 596 2589 aliquo
619 2537 673 2578 de
693 2548 809 2577 anno
832 2535 1038 2589 preterito
1055 2541 1335 2586 remanserat,
1354 2536 1414 2577 ita
1435 2542 1582 2578 tamen

128 2603 165 2644 si
186 2603 429 2644 vicecomes
455 2605 529 2658 qui
554 2610 658 2646 tunc
685 2604 946 2646 ministrauit
971 2609 1164 2645 mutatus
1192 2603 1331 2646 suerit.
1393 2604 1525 2659 Quod
1546 2606 1582 2646 si

129 2671 246 2713 idem
288 2680 536 2726 perseuerat
577 2674 710 2715 etiam
751 2673 836 2715 hoc
876 2686 1006 2722 anno,
1046 2673 1102 2714 de
1143 2673 1279 2714 veteri
1315 2672 1439 2715 firma
1479 2681 1581 2716 ante
1602 2685 1640 2716 35

129 2739 384 2782 inchoatum
424 2748 680 2796 compotum
718 2743 775 2784 de
810 2755 926 2783 noua
964 2741 1227 2791 satisfaciet3
1273 2748 1318 2785 et
1352 2742 1581 2798 diligenter

178 2849 194 2875 1
214 2847 358 2885 oportet
377 2841 408 2877 C
486 2851 503 2887 5
521 2854 596 2879 non
614 2843 651 2878 in
668 2843 740 2878 hiis
759 2842 791 2878 C
866 2852 908 2888 19
926 2842 995 2877 hec
1011 2848 1047 2877 et
1065 2842 1100 2877 R
1180 2843 1224 2878 26
1240 2842 1365 2889 debet]
1384 2844 1534 2881 deberet
1555 2846 1585 2879 C

128 2886 322 2933 scribetur]
341 2888 452 2924 scribi
473 2890 505 2925 C
597 2899 642 2935 29
667 2889 782 2935 possit
800 2889 832 2926 C
923 2898 970 2934 30
994 2888 1072 2936 qui]
1091 2900 1162 2936 que
1177 2891 1214 2925 R
