2022 3281
92 197 110 230 Ι
126 188 183 231 vii
205 185 255 246 B]
577 186 664 229 DE
697 184 1058 230 SCACCARIO
1490 185 1543 241 89

149 299 404 354 Dz‘scz'pulus.
464 298 507 341 A
543 300 702 354 quibus
734 299 803 341 vel
839 299 897 341 ob
930 310 1062 354 quam
1099 310 1190 340 rem
1228 296 1427 339 instituta
1461 296 1544 339 suit
1562 284 1628 358 {¹²

94 369 363 412 examinatio
385 368 465 410 hec
485 368 555 411 vel
576 369 854 411 combustio?

149 439 382 491 Magister.
442 438 505 480 Vt
537 438 592 480 de
623 438 704 478 hiis
738 437 816 479 tibi
848 441 1046 479 constare
1076 435 1213 489 possit
1248 433 1380 489 paulo
1415 432 1547 476 altius

93 508 317 549 oriendum
339 513 417 549 est.
470 506 591 549 Sicut
607 506 818 548 traditum
841 506 1051 547 habemus
1067 519 1092 546 a
1107 504 1315 558 patribus,
1336 504 1379 544 in
1396 502 1545 556 primi-

93 577 186 617 tiuo
211 576 330 630 regni
358 582 476 617 statu
505 581 605 629 post
632 574 986 628 conquisitionem
1015 573 1188 627 regibus
1213 574 1268 614 de
1294 572 1437 613 fundis
1458 570 1547 613 suis
1567 580 1584 613 5

94 657 182 686 non
208 645 300 685 auri
321 643 387 686 vel
410 644 577 699 argenti
599 644 792 698 pondera
817 644 892 685 sed
915 642 1009 684 sola
1030 641 1231 684 victualia
1252 641 1548 688 soluebantur,

93 728 151 755 ex
182 714 339 767 quibus
371 713 413 754 in
435 727 536 755 vsus
563 713 805 754 cotidianos
834 712 992 754 domus
1018 711 1134 765 regie
1158 710 1399 752 necessaria
1424 709 1549 750 mini-

94 783 357 835 strabantur,
373 787 416 823 et
433 788 646 824 nouerant
661 782 736 836 qui
754 781 810 822 ad
827 780 907 822 hec
925 780 1124 835 deputati
1146 779 1316 820 fuerant
1333 785 1547 832 quantum

95 852 150 893 de
180 851 358 905 singulis
389 851 532 892 fundis
562 850 856 904 proueniebat‚
920 849 1126 892 Ceterum
1159 848 1215 889 ad
1244 847 1461 901 stipendia
1480 846 1550 888 vel

95 921 303 962 donatiua
339 919 525 961 militum
563 925 606 960 et
640 919 696 960 ad
732 918 818 960 alia
851 919 1092 959 necessaria
1126 918 1182 959 de
1217 917 1388 972 placitis
1428 915 1550 970 regni
1572 929 1610 952 ιο

94 988 161 1029 vel
194 988 568 1038 conuentionibus‚
596 993 641 1029 et
667 1001 725 1028 ex
750 987 997 1029 ciuitatibus
1021 986 1089 1027 vel
1118 985 1307 1028 castellis
1337 999 1363 1027 a
1394 985 1550 1039 quibus

96 1055 359 1110 agricultura
375 1070 462 1097 non
480 1056 781 1108 exercebatur,
796 1055 978 1109 pecunia
995 1061 1223 1096 numerata
1239 1054 1549 1096 succrescebat.

96 1126 215 1167 Toto
242 1125 372 1179 igitur
396 1125 507 1179 regis
527 1123 736 1166 willelmi
765 1123 892 1178 primi
921 1129 1119 1176 tempore
1149 1123 1442 1176 perseuerauit
1472 1121 1552 1164 hec

97 1195 315 1236 institutio
335 1207 471 1248 vsque
499 1193 554 1235 ad
576 1199 778 1247 tempora
806 1192 917 1246 regis
941 1192 1122 1233 Henrici
1148 1191 1224 1232 filii
1249 1191 1353 1240 eius,
1374 1192 1484 1232 adeo
1504 1197 1552 1232 vt

96 1263 278 1305 viderim
300 1277 382 1317 ego
404 1263 497 1317 ipse
517 1262 730 1316 quosdam
756 1262 830 1314 qui
857 1260 1060 1303 victualia
1086 1261 1262 1301 statutis
1283 1260 1552 1314 temporibus
1574 1272 1608 1304 ¹5

97 1334 152 1375 de
166 1333 310 1374 fundis
327 1332 456 1385 regiis
471 1333 527 1373 ad
545 1332 708 1373 curiam
725 1329 880 1372 deferri
893 1330 1093 1371 viderint.
1131 1329 1400 1382 Certumque
1416 1328 1550 1369 habe-

96 1403 203 1444 bant
235 1400 441 1443 officiales
472 1402 627 1443 domus
658 1400 775 1454 regie
805 1414 831 1441 a
862 1400 1019 1453 quibus
1041 1398 1320 1440 comitatibus
1348 1397 1553 1447 triticum,

97 1486 122 1513 a
151 1471 308 1525 quibus
335 1470 506 1511 diuerse
533 1470 700 1524 species
731 1469 925 1511 carnium
957 1467 1026 1510 vel
1055 1481 1267 1521 equorum
1299 1466 1461 1521 pabula
1485 1466 1553 1507 vel

97 1541 182 1582 alia
213 1554 384 1594 queque
415 1538 656 1581 necessaria
686 1538 968 1580 debebantur.
1032 1537 1132 1578 Hiis
1163 1550 1264 1577 vero
1299 1536 1451 1577 solutis
1487 1549 1552 1576 se-

98 1610 288 1651 cundum
319 1608 604 1659 constitutum
642 1607 821 1649 modum
858 1607 1064 1660 cuiusque
1097 1606 1172 1655 rei,
1209 1605 1314 1660 regii
1347 1604 1555 1646 officiales
1575 1617 1615 1639 20

98 1679 415 1732 computabant
432 1676 676 1718 vicecomiti
697 1676 942 1730 redigentes
963 1675 1006 1715 in
1026 1688 1243 1716 summam
1266 1674 1553 1715 denariorum.

99 1748 183 1788 Pro
211 1760 414 1788 mensura
441 1746 606 1787 scilicet
627 1744 759 1787 tritici
782 1745 837 1786 ad
866 1758 1025 1798 panem
1052 1757 1086 1785 c.
1111 1744 1338 1785 hominum
1366 1743 1554 1784 solidum

99 1829 249 1867 vnum,
270 1830 348 1870 pro
369 1827 550 1867 corpore
569 1814 696 1855 bouis
718 1813 933 1868 pascualis
954 1813 1144 1854 solidum
1165 1813 1204 1864 i.‚
1227 1826 1307 1865 pro
1332 1813 1466 1853 ariete
1487 1811 1555 1852 vel

99 1899 182 1926 oue
196 1885 266 1925 iiii.
282 1884 493 1933 denarios,
507 1896 586 1936 pro
595 1883 817 1936 prebenda
830 1895 1135 1935 xxequorum,
1147 1880 1344 1922 similiter
1356 1885 1556 1934 quatuor.
1574 1883 1601 1914 B

102 1953 375 1995 Succedente
395 1964 498 1991 vero
526 1957 723 2003 tempore
744 1963 843 1992 cum
865 1951 980 1991 idem
1007 1963 1101 1998 rex,
1129 1950 1172 1990 in
1194 1949 1491 1990 transmarinis
1513 1954 1556 1989 et
1575 1961 1614 1994 25

102 2021 280 2063 remotis
297 2020 502 2075 partibus,
525 2020 727 2061 sedandis
747 2018 1010 2059 tumultibus
1031 2017 1197 2059 bellicis
1217 2030 1396 2071 operam
1419 2018 1555 2064 daret,

102 2090 283 2143 contigit
314 2096 363 2131 vt
392 2088 514 2130 fieret
545 2088 626 2129 sibi
657 2100 826 2128 summe
856 2086 1099 2127 necessaria
1133 2087 1190 2127 ad
1226 2086 1306 2127 hec
1339 2085 1556 2139 explenda

103 2165 329 2201 numerata
370 2158 566 2211 pecunia.
635 2155 897 2197 Confluebat
938 2155 1101 2196 interea
1142 2155 1198 2196 ad
1241 2155 1352 2208 regis
1394 2155 1556 2195 curiam

102 2227 283 2282 querula
311 2226 546 2268 multitudo
575 2224 842 2274 colonorum,
870 2224 937 2264 vel
968 2224 1085 2277 quod
1116 2223 1292 2277 grauius
1322 2223 1405 2265 sibi
1438 2224 1556 2264 vide-

103 2298 231 2338 batur
258 2295 521 2350 pretereunti
549 2294 795 2346 frequenter
823 2293 1091 2342 occursabat,
1120 2291 1280 2334 oblatis
1309 2292 1557 2333 vomeribus
1574 2304 1618 2336 30

103 2366 146 2406 in
164 2365 337 2419 signum
355 2363 593 2405 deficientis
615 2362 889 2416 agriculture.
941 2361 1184 2402 Innumeris
1205 2361 1322 2401 enirn
1346 2360 1557 2402 molestiis

102 2435 414 2488 premebantur
445 2432 671 2474 occasione
697 2430 950 2472 victualium
982 2443 1067 2483 que
1098 2442 1173 2482 per
1202 2429 1408 2482 plurimas
1439 2430 1558 2483 regni

103 2509 248 2556 partes
278 2517 304 2543 a
334 2502 509 2543 sedibus
539 2500 722 2555 propriis
753 2498 1017 2541 deferebant.
1080 2498 1253 2539 Horum
1289 2498 1419 2552 igitur
1453 2511 1557 2551 que-

104 2571 202 2612 relis
234 2571 460 2611 inclinatus
484 2583 574 2617 rex,
605 2568 789 2610 diffinito
821 2580 1080 2621 magnorum
1111 2566 1292 2608 consilio
1323 2566 1557 2608 destinauit

106 2653 184 2693 per
222 2652 401 2692 regnum
441 2652 550 2692 quos
583 2639 640 2679 ad
678 2638 722 2678 id
763 2636 1065 2690 prudentiores
1098 2640 1142 2676 et
1175 2635 1445 2676 discretiores
1485 2649 1556 2676 co·
1577 2648 1616 2681 35

153 2727 176 2761 4
200 2716 405 2761 oriendum]
426 2717 643 2753 ordiendum
658 2717 695 2750 R
859 2715 879 2750 8
904 2713 988 2758 hec]
1009 2715 1079 2749 hoc
1096 2714 1128 2749 C
1308 2723 1349 2749 10
1366 2714 1413 2749 ad
1430 2725 1501 2750 om.
1517 2715 1565 2749 N

110 2774 153 2808 14
178 2764 273 2809 regis
290 2776 358 2817 0773.
377 2765 408 2799 C
543 2764 586 2799 16
606 2765 756 2798 Certum
775 2762 807 2797 C
949 2762 991 2797 16
1008 2761 1167 2814 habebat
1184 2761 1230 2795 N
1383 2769 1422 2804 17
1450 2773 1471 2796 a
1489 2773 1558 2796 om.

107 2813 144 2846 R
241 2812 281 2846 18
307 2811 450 2846 dluerse
467 2811 634 2846 Madox:
661 2810 828 2862 diuersas
846 2807 944 2843 codd.
1039 2817 1080 2852 19
1106 2808 1262 2860 alia-om.
1280 2808 1328 2842 N
1429 2816 1472 2851 27
1500 2820 1560 2844 ex-

108 2857 258 2904 plenda]
278 2858 444 2904 exempla
461 2858 510 2892 N
621 2867 665 2902 34
682 2858 840 2903 querelis
851 2854 1017 2892 flladox:
1045 2855 1204 2901 querulls
1221 2855 1320 2890 codd.

166 2923 205 2942 DE
217 2923 312 2943 smcc.
823 2913 856 2946 N
