2022 3281
163 211 200 244 11
222 201 330 243 xxvi
352 198 402 258 Β]
639 200 725 242 DE
758 198 1116 243 SCACCARIO
1535 208 1614 253 157

163 315 289 369 regiis
317 312 474 356 debitis
502 311 858 354 summonitiones
882 311 1004 363 fiunt,
1025 311 1151 352 adest
1179 309 1358 352 clericus
1387 311 1534 365 regine
1561 313 1617 353 ad

163 383 244 425 hec
275 383 535 425 constitutus
566 388 609 422 et
640 381 762 422 addit
794 381 837 421 in
867 379 1217 430 summonitione,
1243 380 1322 421 ‘de
1352 379 1426 421 illo
1456 380 1618 422 habeas

163 458 338 493 centurn
375 464 542 492 marcas
579 464 658 504 pro
695 463 825 490 causa
855 448 952 498 illa‚’
984 452 1050 490 ‘et
1080 449 1137 490 ad
1167 461 1276 502 opus
1308 449 1457 502 regine
1487 463 1617 490 vnam

163 533 355 562 marcam
392 517 507 560 auri.’
570 518 844 560 Summonita
874 524 1022 559 autem
1058 518 1115 558 ad
1147 517 1409 559 scaccarium
1441 518 1497 559 ab
1527 518 1618 560 eius

162 588 421 630 officialibus
452 588 508 629 ad
538 587 619 629 hec
655 587 901 629 constitutis
936 600 1128 629 seorsum
1164 586 1466 640 suscipiuntur.
1527 588 1619 628 No·
1639 605 1657 637 5

164 658 276 699 ueris
298 659 430 699 etiam
453 657 583 710 quod,
605 657 705 698 licet
727 670 805 698 rex
827 657 883 698 de
903 656 1115 711 promissa
1137 655 1217 698 sibi
1239 669 1409 697 summa
1430 656 1620 698 mediam

162 733 335 781 partem
367 727 576 768 dimiserit
606 726 674 768 vel
700 726 947 767 vniuersum
968 724 1037 767 vel
1065 725 1197 766 etiam
1228 738 1502 766 summouere
1534 725 1620 766 dis-

162 796 319 845 tulerit,
350 796 405 836 de
432 795 499 837 his
528 802 688 843 tamen,
711 808 795 848 que
823 796 880 836 ad
906 795 1100 849 reginam
1131 795 1360 849 pertinent,
1381 794 1620 835 secundum

163 866 282 919 quod
321 865 401 906 sibi
442 865 581 906 visum
623 865 763 913 fuerit,
804 878 882 918 per
921 864 1069 905 omnia
1109 863 1198 915 fiet,
1238 870 1298 913 vt,
1340 877 1391 906 ea
1433 864 1620 912 nolente,

163 948 306 988 neque
347 934 625 975 dimittantur
666 946 808 986 neque
850 932 1107 974 differantur
1146 945 1233 985 que
1269 932 1351 973 sibi
1393 932 1621 983 debentur,
1643 948 1682 970 10

162 1011 228 1045 set
260 1003 528 1045 summonita
559 1003 783 1045 soluantur
813 1008 856 1045 et
888 1016 975 1044 non
1008 1002 1229 1045 soluentes
1260 1001 1456 1056 predicto
1488 1001 1621 1042 modo

164 1071 484 1113 coherceantur.

219 1139 477 1193 Dz'sczpulus.
537 1139 766 1193 Numquid
808 1140 863 1181 de
903 1138 1126 1192 promissis
1168 1138 1256 1193 regi
1298 1138 1405 1180 citra
1445 1145 1622 1180 centum

162 1223 332 1251 marcas
354 1209 516 1262 aliquid
541 1208 689 1262 regine
710 1208 921 1249 debetur?

218 1277 450 1329 Magister.
512 1275 789 1330 Quibusdam
820 1276 882 1318 sic
914 1276 1099 1325 videtur,
1129 1281 1176 1318 vt
1207 1289 1343 1330 vsque
1379 1276 1435 1317 ad
1470 1276 1622 1318 decem
1644 1286 1683 1319 15

162 1360 330 1388 marcas
355 1350 566 1396 teneatur,
586 1350 634 1386 vt
664 1345 824 1387 scilicet
851 1345 898 1396 is,
919 1344 994 1398 qui
1015 1345 1167 1386 decem
1193 1344 1283 1398 regi
1304 1344 1560 1398 promiserit,
1581 1345 1622 1385 in
1642 1353 1670 1386 Β

161 1428 246 1456 vna
265 1413 389 1455 vncia
415 1413 506 1454 auri
529 1414 677 1468 regine
697 1419 919 1456 teneatur:
950 1412 1059 1463 aliis,
1080 1426 1177 1464 non,
1199 1412 1282 1454 nisi
1304 1412 1358 1454 de
1383 1419 1558 1454 centum
1579 1418 1623 1455 et

159 1496 292 1538 supra
323 1482 379 1523 ab
412 1481 535 1524 initio
568 1482 802 1536 promissis,
864 1482 936 1524 De
970 1481 1037 1523 his
1069 1482 1200 1536 igitur
1230 1481 1287 1523 ad
1317 1495 1493 1537 presens
1524 1495 1623 1524 cum

162 1551 377 1594 modestia
390 1551 566 1601 sustine,
579 1551 693 1605 quia,
709 1565 754 1593 re
771 1551 966 1593 nondum
982 1550 1225 1599 terminata,
1241 1564 1452 1605 suspensa
1466 1550 1623 1593 solutio

160 1627 241 1662 est.
293 1620 461 1675 Litigat
483 1633 587 1662 sane
607 1621 662 1662 de
678 1620 743 1661 his
761 1634 861 1675 pars
882 1620 1029 1673 regine
1050 1633 1151 1661 cum
1169 1619 1436 1662 debitoribus
1458 1627 1501 1662 et
1523 1620 1623 1663 ‘ad-
1642 1640 1683 1663 20

160 1689 244 1731 huc
273 1689 354 1730 sub
382 1689 523 1730 iudice
551 1689 603 1730 lis
633 1686 726 1732 est.'
789 1689 859 1731 De
889 1688 1182 1730 misericordia
1203 1694 1352 1730 autem
1385 1689 1622 1730 Iudeorum

161 1765 206 1800 et
236 1759 290 1800 de
326 1758 628 1811 redemptione
661 1758 1011 1807 monetariorum,
1039 1758 1152 1800 sicut
1181 1757 1239 1800 de
1273 1765 1430 1812 sponte
1465 1758 1624 1801 oblatis

160 1828 325 1869 dictum
347 1833 424 1879 est,
446 1840 525 1868 sua
551 1827 698 1881 portio
726 1826 967 1868 secundum
996 1825 1181 1868 formam
1206 1827 1445 1880 predictam
1475 1827 1624 1880 regine

161 1897 354 1938 debetur.

218 1964 475 2018 Dz'scz'pulus.
535 1963 764 2018 Numquid
805 1963 848 2004 in
882 1961 1065 2017 (penis)
1102 1963 1360 2016 pecuniariis
1393 1969 1437 2006 et
1467 1970 1623 2018 sponte
1644 1988 1683 2020 ²5

161 2032 320 2075 oblatis
342 2033 520 2075 clericos
540 2039 584 2074 et
605 2032 740 2074 laicos
762 2032 853 2073 sine
875 2031 1117 2072 differentia
1138 2030 1213 2072 lex
1233 2045 1319 2072 vna
1339 2032 1569 2075 cohercet?

218 2103 450 2157 stIagister.
512 2103 564 2144 In
585 2109 743 2156 sponte
764 2102 924 2144 oblatis
946 2101 1064 2155 apud
1093 2114 1245 2143 omnes
1273 2101 1348 2143 lex
1368 2115 1455 2144 vna
1478 2115 1622 2145 serua-

160 2178 232 2213 tur
252 2177 312 2222 vt,
332 2171 425 2213 siue
451 2171 631 2212 clericus
656 2171 710 2212 sit
738 2171 832 2212 siue
859 2170 1005 2221 laicus,
1026 2169 1100 2223 qui
1123 2169 1336 2212 soluendo
1363 2184 1450 2212 non
1480 2170 1622 2223 fuerit,

161 2240 300 2282 donec
321 2240 579 2282 satisfecerit
601 2246 745 2282 careat
766 2239 1013 2292 impetrato.
1064 2237 1333 2280 Obseruatur
1349 2239 1480 2281 etiam
1504 2240 1621 2282 idem

161 2308 204 2349 in
233 2309 434 2350 omnibus
464 2309 558 2349 aliis
589 2322 675 2362 que
706 2309 863 2362 quouis
891 2313 1020 2360 pacto
1048 2307 1138 2360 regi
1164 2308 1374 2349 debentur
1396 2322 1421 2349 a
1442 2308 1622 2361 clericis,
1642 2326 1684 2359 30

161 2391 262 2419 curn
284 2377 449 2419 scilicet
470 2391 548 2418 sue
569 2377 793 2430 dignitatis
814 2383 857 2418 et
878 2375 1012 2418 libere
1034 2376 1315 2430 possessionis
1346 2376 1621 2431 priuilegium

161 2446 349 2499 allegare
389 2446 671 2500 neglexerint.
747 2447 819 2488 De
858 2444 1151 2498 allegantibus
1195 2450 1342 2486 autem
1382 2445 1487 2498 quid
1527 2445 1622 2487 fieri

161 2516 335 2565 debeat,
373 2529 399 2556 a
433 2515 627 2557 discretis
668 2520 712 2557 et
752 2516 884 2557 deum
919 2514 1175 2556 timentibus
1214 2513 1348 2564 laicis,
1387 2514 1423 2554 si
1463 2514 1624 2568 placet,

162 2584 332 2625 rescito.
394 2583 476 2624 His
509 2585 624 2625 enim
655 2584 712 2625 ad
743 2597 919 2638 presens
952 2596 1009 2625 ex
1041 2583 1252 2625 industria
1280 2584 1538 2637 supersedeo
1566 2597 1622 2625 ne

162 2652 282 2693 dicar
310 2665 404 2693 mee
433 2652 694 2694 conditionis
720 2652 971 2694 hominibus
991 2650 1212 2694 vltroneas
1238 2651 1358 2706 leges
1384 2657 1427 2693 et
1447 2652 1620 2695 mitiora
1641 2669 1681 2702 35

164 2720 257 2761 iura
278 2720 476 2762 dictasse.

216 2851 232 2887 5
259 2843 329 2878 hoc
346 2843 381 2878 R
468 2852 510 2877 10
535 2853 606 2889 que
624 2869 632 2878 .
652 2870 662 2880 .
681 2869 690 2879 .
708 2843 891 2880 debentur
907 2854 977 2879 om.
997 2843 1033 2877 R
1107 2851 1148 2887 13
1173 2841 1363 2888 premissis
1378 2843 1426 2878 N
1507 2845 1548 2881 16
1562 2843 1615 2891 in]

164 2901 212 2926 m.
230 2891 265 2925 R
406 2898 447 2935 25
467 2890 572 2935 penis
588 2891 803 2926 addidimus
898 2900 944 2936 30
969 2900 1040 2936 que
1057 2917 1065 2926 .
1084 2917 1093 2927 .
1112 2916 1120 2926 .
1136 2890 1318 2927 debentur
1334 2901 1402 2926 om.
1420 2891 1456 2926 R
