2022 3281
165 186 202 218 11
227 176 312 230 xx]
651 174 738 216 DE
770 173 1131 217 SCACCARIO
1534 182 1610 227 151

167 290 321 332 mulier
353 288 447 330 viro
483 301 563 330 suo
594 295 825 343 superstes,
857 288 1024 343 prolem
1055 287 1219 329 habens
1250 292 1295 328 et
1325 286 1369 327 in
1400 286 1616 329 viduitate

165 373 262 400 curn
294 359 385 413 ipsa
415 371 686 411 permanenS,
715 358 884 400 ratione
913 355 1044 412 prolis
1072 357 1142 397 cui
1176 356 1359 397 debetur
1385 354 1616 405 hereditas,

165 427 466 469 conuenienda
487 433 531 468 et
552 427 823 469 cohercenda
844 433 921 480 est,
941 427 1002 467 sic
1030 432 1181 467 tamen
1199 432 1246 466 vt
1274 424 1368 466 doti
1397 424 1488 465 eius
1517 437 1613 478 par-

165 502 299 548 catur,
320 496 421 549 quia
451 496 664 549 premium
696 496 874 549 pudoris
904 501 980 536 est.
1039 494 1170 548 Quod
1201 494 1251 544 si,
1270 493 1428 534 relictis
1458 492 1616 540 liberis,

163 565 234 606 alii
256 566 348 607 viro
376 565 528 606 mulier
549 566 777 615 adheserit,
800 565 1039 621 legittimus
1060 563 1184 606 heres
1209 577 1290 617 pro
1311 563 1460 604 debito
1482 563 1616 616 patris
1636 582 1652 613 5

165 634 488 675 conueniendus
521 640 597 675 est.
657 634 820 675 Verum
856 634 890 673 si
923 632 1076 674 mulier
1114 646 1199 685 que
1229 631 1413 684 deliquit
1448 638 1491 673 et
1528 633 1616 686 regi

164 710 348 751 tenetur,
369 703 511 756 priore
532 703 624 743 viro
646 702 738 743 sine
758 702 903 743 liberis
926 708 1110 751 mortuo,
1126 701 1182 742 ad
1205 700 1338 742 alium
1355 714 1401 741 se
1421 714 1520 741 cum
1540 715 1618 742 sua

164 773 408 813 hereditate
429 771 697 812 transtulerit
719 772 918 814 debitum
940 772 1031 812 eius
1052 783 1078 811 a
1098 770 1190 811 viro
1212 770 1519 822 requirendum
1541 776 1617 811 est.

168 841 268 883 Hoc
297 847 360 882 est
391 841 521 895 igitur
543 841 661 894 quod
690 840 837 894 petisti
869 847 912 881 et
937 840 998 881 sic
1025 839 1090 880 vir
1116 851 1245 880 causa
1269 839 1416 879 vxoris
1441 845 1484 880 et
1504 852 1618 879 vxor

166 923 295 952 causa
321 910 400 950 uiri
440 909 737 951 conuenienda
766 915 845 950 est.
916 907 1094 950 Certum
1126 913 1274 948 autern
1304 906 1467 948 habeas
1498 908 1615 960 quod
1638 925 1678 947 ιο

167 992 337 1033 semper
376 978 616 1032 legittimus
655 977 791 1027 heres,
831 976 906 1031 qui
946 976 1136 1018 debitori
1178 976 1384 1024 succedit,
1426 988 1506 1029 pro
1543 974 1618 1016 illo

167 1047 489 1088 conueniendus
526 1052 592 1088 est
625 1051 683 1094 vt,
714 1046 826 1086 sicut
858 1046 901 1085 in
943 1044 1304 1092 emolumentum,
1335 1045 1396 1085 sic
1433 1045 1476 1084 in
1510 1058 1618 1084 onus

166 1116 330 1157 subeat.
392 1115 519 1158 Solus
547 1121 693 1155 autem
723 1113 986 1168 ascriptitius
1015 1120 1059 1155 et
1087 1113 1137 1161 is,
1160 1113 1235 1165 qui
1263 1113 1355 1153 sine
1379 1113 1620 1154 hereditate

166 1185 349 1232 decedit,
372 1183 558 1225 venditis
579 1181 747 1223 catallis
771 1182 872 1233 suis,
893 1196 970 1235 per
995 1187 1238 1222 extremam
1261 1181 1413 1222 mortis
1433 1181 1572 1222 aleam
1594 1195 1620 1223 a

167 1254 318 1295 debito
341 1253 589 1294 liberantur.
652 1251 753 1292 Non
774 1255 923 1293 tamen
944 1249 1000 1290 ab
1025 1249 1169 1291 annali
1192 1249 1234 1289 in
1262 1262 1349 1301 quo
1371 1249 1519 1290 debita
1539 1250 1619 1290 hec
1641 1267 1678 1300 ¹5

167 1329 440 1370 annotantur,
471 1319 552 1361 nisi
592 1333 670 1373 per
700 1320 834 1361 breue
873 1319 999 1374 regis,
1030 1319 1290 1368 auferentur,
1327 1332 1426 1359 cum
1457 1318 1620 1359 scilicet

166 1393 222 1432 de
246 1391 327 1431 hiis
356 1403 382 1431 a
409 1389 676 1431 thesaurario
702 1388 791 1442 regi
823 1393 1078 1441 suggestum
1110 1386 1239 1428 fuerit
1263 1387 1382 1440 quod
1412 1385 1621 1426 inutiliter

166 1460 209 1500 in
237 1459 379 1501 rotulo
406 1458 648 1500 scribantur
673 1471 771 1498 eum
798 1456 918 1498 nullo
948 1462 1080 1511 pacto
1108 1455 1200 1497 fieri
1231 1455 1372 1509 possit
1397 1461 1444 1496 vt
1468 1455 1525 1495 ab
1553 1454 1620 1496 his

166 1528 316 1569 debita
337 1527 523 1581 pecunia
545 1526 784 1579 proueniat.

225 1597 299 1638 Ad
330 1596 409 1638 hec
439 1609 568 1637 nosse
602 1600 646 1636 te
676 1595 882 1637 conuenit
910 1594 1027 1649 quod
1058 1594 1100 1635 in
1125 1592 1285 1635 debitis
1319 1592 1448 1646 regiis
1480 1592 1620 1646 requi·
1640 1576 1719 1648 ΞΟΠ

166 1666 311 1708 rendis
324 1672 367 1707 et
380 1663 650 1707 debitoribus
664 1664 945 1706 cohercendis
961 1664 1171 1704 baronum
1184 1662 1298 1716 regis
1311 1667 1354 1703 et
1368 1668 1621 1712 ceterorum,

167 1736 240 1789 qui
262 1735 425 1790 passim
446 1747 527 1788 pro
552 1733 638 1775 suis
665 1733 917 1775 excessibus
945 1732 1232 1786 pecuniariter
1257 1731 1347 1785 regi
1373 1730 1622 1785 puniuntur,

167 1818 246 1858 par
281 1803 478 1845 condicio
512 1816 600 1843 non
637 1808 714 1844 est.
774 1801 908 1842 Porro
940 1802 996 1842 de
1032 1801 1111 1849 his,
1147 1800 1221 1854 qui
1254 1801 1308 1841 de
1353 1813 1454 1852 rege
1489 1797 1622 1849 nichil

166 1872 331 1913 habent
353 1873 395 1913 in
418 1871 573 1924 capite,
594 1870 667 1912 lex
688 1870 884 1925 predicta
905 1875 1126 1919 seruatur3
1157 1876 1204 1911 at
1220 1870 1255 1909 si
1277 1869 1333 1909 de
1350 1881 1452 1921 rege
1469 1873 1622 1908 tenens

167 1941 405 1988 baroniam,
438 1940 585 1981 audita
616 1938 965 1986 summonitione,
991 1936 1124 1979 fidem
1156 1937 1198 1978 in
1228 1935 1406 1990 propria
1436 1941 1622 1988 persona
1643 1952 1681 1983 25

167 2009 235 2050 vel
277 2022 353 2063 per
394 2021 572 2049 manum
612 2006 825 2060 generalis
866 2005 1077 2056 economi,
1118 2018 1250 2058 quem
1283 2004 1416 2058 uulgo
1449 2006 1621 2044 ‘senes-

170 2076 354 2120 callum’
396 2078 558 2126 dicunt,
598 2076 640 2116 in
677 2062 853 2116 manum
896 2074 1164 2116 vicecomitis
1204 2073 1376 2115 dederit
1416 2072 1497 2113 sub
1537 2072 1621 2113 hoc

168 2156 320 2189 tenore
349 2145 591 2194 verborum,
613 2144 730 2197 quod
764 2145 817 2186 de
849 2143 930 2184 hac
961 2155 1132 2184 summa
1163 2148 1207 2183 et
1235 2143 1289 2183 de
1315 2142 1397 2182 hac
1428 2154 1621 2191 summo-

169 2217 337 2257 nitione
373 2221 601 2268 garantum
635 2214 846 2255 baronum
879 2211 1080 2253 scaccarii
1112 2211 1185 2252 die
1216 2211 1409 2264 compoti
1437 2210 1501 2251 sui
1534 2209 1620 2258 fiet,

170 2285 229 2326 sic
251 2284 493 2325 vicecomes
515 2288 744 2324 contentus
766 2282 834 2322 sit.
1641 2283 1683 2314 30

227 2353 275 2395 Si
296 2366 397 2394 vero
418 2353 489 2393 die
514 2351 705 2406 compoti
726 2364 833 2392 voce
858 2349 1062 2403 preconia
1087 2348 1320 2402 requisitus
1346 2361 1434 2389 non
1455 2346 1622 2389 venerit
1640 2362 1703 2389 xx

169 2436 248 2464 nec
278 2435 356 2477 per
386 2435 433 2462 se
463 2434 544 2462 nec
574 2434 651 2474 per
681 2419 815 2460 alium
847 2417 1113 2467 satisfecerit,
1142 2418 1386 2458 vicecomes
1417 2417 1534 2469 quod
1565 2416 1622 2457 ad

168 2492 310 2545 ipsum
324 2490 541 2545 pertinuit,
555 2489 704 2531 secisse
721 2487 994 2529 iudicabitur.
1055 2485 1199 2528 Causa
1214 2499 1314 2526 vero
1333 2485 1412 2526 hec
1426 2497 1621 2526 seorsum

167 2560 212 2601 in
225 2559 516 2600 memorandis
532 2557 735 2599 scaccarii
752 2563 957 2611 precepto
972 2554 1224 2596 thesaurarii
1241 2553 1470 2609 diligenter
1488 2566 1622 2594 anno-

168 2634 263 2670 tata
293 2627 338 2668 in
363 2626 492 2668 finem
523 2626 724 2670 scaccarii
756 2624 1060 2675 reseruabitur,
1080 2629 1127 2664 vt
1157 2629 1274 2673 tunc,
1296 2621 1620 2664 communicato
1642 2636 1681 2668 35

219 2762 236 2799 5
263 2752 404 2798 debito]
424 2752 547 2789 debite
565 2754 599 2788 R
692 2752 714 2787 6
740 2750 901 2798 deliquid
918 2752 953 2785 R
1047 2751 1066 2785 8
1092 2762 1114 2784 a
1131 2750 1210 2786 viro
1228 2761 1296 2785 om.
1311 2749 1358 2784 N
1446 2758 1483 2784 11
1512 2749 1621 2783 heres

169 2812 237 2836 om.
255 2801 290 2835 R
402 2808 442 2844 17
469 2801 514 2835 de
531 2799 602 2834 hiis
619 2810 688 2835 om.
705 2800 740 2834 R
860 2799 902 2832 18
928 2797 1004 2833 fieri
1022 2808 1089 2831 om.
1106 2797 1153 2831 N
1260 2806 1301 2842 19
1319 2804 1353 2832 C.
1371 2796 1531 2831 ulterius
1547 2806 1621 2830 non

170 2847 394 2883 contulimus
502 2847 548 2883 26
570 2857 638 2892 per
654 2858 722 2883 om.
740 2847 776 2881 R
883 2854 927 2890 29
951 2851 1145 2890 graantum
1162 2844 1209 2879 N
1312 2843 1389 2889 fiet]
1407 2843 1515 2879 faciet
1532 2843 1579 2877 N
