2022 3281
108 214 140 245 11
165 204 206 245 iv
227 200 281 260 E]
593 201 679 243 DE
713 199 1073 244 SCACCARIO
1478 206 1559 252 125

106 318 219 359 Sunt
241 323 285 358 et
309 315 394 357 alie
416 315 560 369 plures
577 315 883 357 excusationes
903 313 1097 356 absentie
1112 311 1391 363 vicecomitis,
1413 325 1561 354 neces-

105 386 216 427 sarie
246 385 424 438 quidem
457 390 500 425 et
531 384 699 438 legibus
731 383 1028 435 determinate,
1053 395 1160 436 quas
1185 395 1274 422 non
1303 380 1561 422 abdicamus

104 454 171 496 vel
214 453 506 503 excludimus,
545 453 682 494 immo
727 466 827 494 cum
873 452 1132 494 sufficientes
1177 451 1271 492 vise
1320 449 1491 500 suerint,
1534 463 1561 491 a

106 522 342 564 maioribus
380 522 566 564 libenter
596 522 880 576 suscepimus.
940 520 1028 563 Sed
1059 521 1139 561 has
1180 533 1266 573 que
1297 519 1433 560 menti
1464 532 1561 560 mee

103 606 150 633 se
170 592 227 633 ad
250 604 426 644 presens
450 590 703 646 optulerunt
724 591 846 644 quasi
867 589 1193 643 frequentiores,
1208 588 1401 641 exempli
1418 601 1561 640 causa,
1580 607 1599 641 5

105 659 381 701 subiecimus.

160 728 419 780 Discipulzcs.
478 728 647 769 Videor
671 741 728 769 ex
755 727 962 782 predictis
988 726 1259 781 perpendere
1284 726 1401 780 quod
1425 726 1561 778 miles,

104 797 171 838 vel
194 796 378 851 quilibet
399 797 508 838 alius
524 797 750 848 discretus,
768 796 904 850 possit
924 810 950 837 a
971 810 1072 851 rege
1092 796 1347 844 vicecomes,
1364 795 1432 836 vel
1453 794 1563 836 alius

106 865 292 907 balliuus
319 866 468 917 creari,
497 867 629 908 etiam
664 866 699 907 si
732 865 792 906 nil
828 865 883 906 ab
924 866 1019 918 ipso
1054 864 1277 919 possideat
1312 864 1387 905 sed
1420 863 1561 905 solum

104 936 160 976 ab
191 935 298 976 aliis.
1584 951 1626 975 ιο

163 1004 396 1057 Magister.
460 1003 659 1045 Debetur
694 1002 774 1043 hec
810 1001 1090 1056 prerogatiua
1125 1001 1349 1055 dignitatis
1388 1000 1564 1055 publice

107 1073 329 1126 potestati,
350 1079 396 1114 vt
422 1073 715 1124 cuiuscunque
740 1071 807 1119 sit,
831 1071 1070 1124 cuicunque
1096 1071 1161 1112 vir
1184 1071 1339 1124 aliquis
1364 1070 1405 1111 in
1428 1083 1564 1124 regno

107 1142 267 1184 militet
297 1141 365 1183 vel
398 1141 622 1191 ministret,
643 1141 679 1181 si
710 1140 801 1193 regi
824 1140 1092 1181 necessarius
1124 1139 1240 1180 visus
1271 1138 1410 1190 fuerit,
1432 1139 1566 1180 libere

111 1210 250 1264 possit
270 1210 431 1251 assumi
454 1216 497 1251 et
518 1209 646 1263 regiis
666 1208 886 1261 obsequiis
908 1208 1120 1261 deputari.

164 1279 424 1332 Disczpulus.
486 1278 559 1319 Ex
580 1278 666 1320 hoc
682 1277 815 1319 etiam
831 1289 961 1317 cerno
977 1289 1126 1317 verum
1144 1289 1238 1317 esse
1259 1277 1378 1329 quod
1395 1276 1553 1318 dicitur
1585 1290 1622 1324 15

335 1361 344 1379 ‘
362 1358 438 1400 An
461 1358 600 1400 nescis
621 1357 775 1412 longas
798 1357 972 1411 regibus
992 1369 1086 1398 esse
1108 1369 1263 1397 manus
1276 1359 1294 1397 Ρ
1307 1354 1317 1370 ’

163 1439 252 1481 Sed
285 1438 370 1479 iam
402 1452 529 1486 nunc,
553 1438 588 1478 si
616 1437 776 1491 placet,
798 1437 853 1478 ad
885 1437 1057 1490 agenda
1085 1435 1356 1477 vicecomitis
1384 1449 1563 1477 manum
1583 1447 1612 1478 E

109 1508 282 1550 mittere
311 1521 399 1550 non
430 1507 617 1549 differas.
677 1506 754 1547 Ad
795 1506 875 1547 hec
916 1506 1044 1557 enim,
1084 1511 1130 1547 te
1170 1511 1390 1557 monente,
1420 1511 1562 1546 totam

111 1576 368 1618 attentionis
385 1575 642 1618 industriam
664 1575 752 1616 iam
769 1574 924 1628 collegi
942 1574 1081 1615 sciens
1097 1587 1155 1615 ex
1175 1573 1257 1615 hiis
1279 1574 1568 1615 excellentem

106 1645 310 1686 scaccarii
333 1645 572 1694 scientiam,
593 1645 706 1686 sicut
728 1644 975 1699 predictum
998 1649 1077 1695 est,
1099 1642 1257 1684 debere
1277 1643 1449 1697 requiri.
1587 1660 1629 1683 20

162 1714 395 1768 Magister.
456 1713 664 1755 Gratulor
704 1719 749 1755 te
791 1726 1029 1753 memorem
1069 1713 1408 1767 premissorum3
1452 1712 1569 1754 vnde

109 1782 248 1824 fateor
269 1783 491 1837 languenti
512 1795 624 1837 pene
646 1781 813 1824 calamo
829 1787 874 1822 te
895 1780 1095 1823 stimulos
1111 1781 1334 1822 addidisse
1352 1797 1362 1831 3
1393 1781 1569 1822 noueris

110 1857 257 1893 autem
279 1852 398 1904 quod
419 1851 676 1900 vicecomes,
699 1850 780 1891 nisi
803 1849 919 1891 sacto
947 1850 1068 1903 prius
1090 1850 1305 1899 examine,
1322 1849 1569 1903 debitisque

108 1921 163 1961 de
194 1921 352 1973 quibus
384 1920 677 1962 summonitus
714 1924 780 1960 est
814 1918 978 1968 solutis,
1014 1918 1203 1960 residere
1232 1931 1318 1959 non
1349 1918 1481 1960 debet
1511 1918 1569 1959 ad

109 1996 377 2044 compotum.
439 1988 554 2030 Cum
590 1993 739 2030 autern
775 1987 1006 2029 accesserit
1046 1992 1091 2028 et
1126 1987 1213 2028 iam
1248 1987 1459 2037 residerit,
1494 1986 1567 2028 alii
1588 2001 1627 2034 25

110 2058 387 2100 vicecomites
427 2056 731 2107 excludantur,
773 2062 817 2098 et
857 2056 1046 2098 resideat
1086 2055 1204 2096 solus
1245 2068 1346 2096 cum
1387 2055 1475 2096 suis
1511 2055 1567 2097 ad

110 2133 378 2181 interrogata
408 2140 703 2180 responsurus,
763 2125 999 2167 Prouideat
1024 2131 1173 2166 autem
1204 2129 1252 2165 vt
1278 2123 1373 2179 ipsa
1398 2125 1468 2166 die
1497 2124 1567 2166 vel

108 2196 372 2251 precedente
394 2195 666 2238 debitoribus
691 2194 758 2236 sui
780 2194 1013 2236 comitatus
1039 2193 1290 2243 innotuerit,
1311 2206 1399 2246 qua
1421 2193 1490 2234 die
1511 2193 1569 2235 sit

110 2265 164 2306 ad
202 2271 460 2319 compotum
490 2277 699 2315 sessuruS,
729 2263 799 2305 vel
831 2263 964 2304 etiam
996 2262 1110 2304 circa
1140 2263 1320 2303 domum
1352 2262 1568 2313 scaccarii,

113 2334 182 2375 vel
201 2335 346 2376 vicum
367 2333 436 2375 vel
461 2333 621 2384 villam,
645 2346 753 2375 voce
781 2332 986 2387 preconia
1011 2331 1119 2385 ipsis
1147 2331 1377 2372 denuntiet
1398 2344 1444 2372 se
1464 2337 1568 2372 tunc
1588 2346 1631 2379 30

108 2403 175 2444 vel
212 2409 316 2445 tunc
352 2415 584 2444 sessurum.
645 2401 783 2452 Tunc,
807 2401 1061 2442 sedentibus
1094 2405 1137 2441 et
1169 2399 1446 2441 audientibus
1473 2412 1568 2441 om-

110 2473 248 2524 nibus,
268 2472 575 2523 thesaurarius,
603 2471 692 2525 qui,
713 2470 822 2512 sicut
851 2470 1017 2511 dictum
1041 2474 1119 2519 est,
1142 2468 1310 2509 ratione
1330 2468 1458 2510 officii
1488 2468 1570 2509 sibi

110 2542 283 2583 videtur
311 2541 545 2589 aduersari,
567 2547 721 2594 querat
749 2540 784 2580 si
809 2545 988 2593 paratus
1013 2542 1079 2578 est
1107 2537 1288 2579 reddere
1313 2544 1569 2592 compotum

112 2623 237 2651 suurn
259 2623 269 2661 ;
300 2623 388 2663 quo
410 2610 712 2663 respondente,
735 2613 744 2631 ‘
760 2608 913 2649 Presto
934 2605 1058 2655 sum,’
1080 2605 1236 2648 inferat
1264 2605 1568 2657 thesaurarius,

113 2684 120 2700 ‘
140 2679 225 2719 Dic
248 2678 391 2732 igitur,
412 2677 456 2719 in
476 2678 642 2732 primis,
662 2677 698 2720 si
719 2676 968 2726 elemosine,
985 2674 1019 2716 si
1040 2674 1220 2725 decime,
1236 2674 1272 2716 si
1293 2674 1568 2717 liberationes
1588 2690 1628 2722 35

161 2794 178 2830 5
204 2784 253 2819 ad
270 2795 422 2830 presens
440 2795 479 2820 se
496 2783 694 2830 optulerint
711 2784 796 2829 quia
815 2783 848 2819 C
953 2780 1075 2829 quasi]
1094 2781 1162 2818 etsi
1180 2781 1226 2816 N
1341 2790 1383 2826 17
1408 2780 1569 2835 agenda]

110 2832 296 2877 agendam
312 2831 360 2866 N
447 2842 466 2867 2
472 2839 490 2876 5
515 2830 695 2867 recederit
708 2831 755 2866 N
844 2839 889 2875 32
907 2828 1016 2873 sicut]
1035 2829 1066 2864 si
1085 2840 1169 2864 cum
1186 2829 1235 2864 N
1300 2839 1344 2874 33
1362 2828 1570 2876 aduersari]

112 2873 314 2915 aduersarii
330 2879 367 2914 R
461 2888 506 2923 34
525 2889 631 2914 suum
648 2889 719 2914 om.
737 2878 815 2913 NR
909 2875 1176 2922 thesaurarius]
1195 2875 1409 2913 thesaurum
1425 2877 1472 2911 N
