2022 3281
485 182 569 220 224
972 170 1058 211 DE
1092 168 1453 211 SCACCARIO

543 283 584 322 P.
602 287 690 330 135,
705 282 728 322 l.
763 296 823 332 29.
844 285 941 321 siue
965 294 1066 321 non.
1095 281 1182 319 The
1194 281 1378 327 criminal,
1391 281 1478 320 who
1491 280 1591 327 flees,
1604 281 1715 320 when
1729 282 1776 320 he
1789 281 1858 320 has
1870 290 1937 321 not

483 349 584 387 been
603 348 771 387 accused
790 348 835 385 of
848 348 904 385 his
924 348 1053 393 crime,
1075 346 1196 396 might
1215 357 1326 384 corne
1345 345 1478 383 within
1498 346 1561 383 the
1581 346 1715 385 Assize
1735 347 1780 386 of
1795 347 1937 386 North-

485 421 656 463 ampton‚
673 426 704 451 c.
725 425 771 462 13
788 412 922 464 (Selecl
942 412 1133 458 Chartam,
1154 424 1192 461 p.
1211 409 1315 462 153),
1330 411 1491 460 relating
1505 418 1544 449 to
1560 412 1668 450 those
1683 413 1769 450 who
1783 413 1860 451 had
1872 412 1938 450 left

485 480 548 518 the
564 486 724 528 country
740 479 817 516 and
829 477 979 515 refused
991 484 1029 515 to
1043 485 1182 514 return.
1228 476 1303 514 But
1319 476 1383 514 the
1395 483 1506 514 exact
1518 477 1700 527 meaning
1711 477 1755 516 of
1769 478 1936 516 obiectum

485 545 516 582 is
537 551 603 581 not
622 543 733 581 clear.
790 541 956 580 Glanvill
985 542 1175 579 discusses
1201 540 1392 579 forfeiture
1418 540 1541 578 under
1565 541 1629 579 the
1655 548 1729 580 two
1755 542 1875 581 heads
1901 543 1944 581 of

485 609 703 647 conviction
723 607 798 644 and
815 607 1010 656 outlawry.
1067 606 1154 644 The
1170 606 1437 644 classification
1452 606 1542 644 here
1559 607 1745 656 probably
1759 614 1939 645 amounts

485 682 525 712 to
545 674 607 711 the
628 685 733 710 same
752 671 860 721 thing
879 672 1094 721 perversely
1110 671 1242 709 stated.
1287 670 1344 709 Cf.
1362 671 1539 717 Glanvill,
1556 671 1614 708 vii.
1635 680 1695 719 17.
1712 672 1750 721 ἕξ
1769 684 1791 719 4
1809 672 1886 710 and
1903 683 1939 720 5.

540 738 581 775 P.
615 740 702 783 136,
731 736 754 773 1.
789 749 821 774 2.
851 738 1054 774 arctioris
1093 738 1253 774 assise:
1303 735 1366 773 the
1403 736 1539 774 Assize
1577 735 1621 774 of
1654 735 1941 786 Northampton

485 801 641 854 (1176),
661 801 785 839 which
805 814 882 839 was
902 814 925 839 a
945 801 1090 839 stricter
1109 801 1209 839 form
1228 801 1273 838 of
1287 801 1349 839 the
1370 801 1504 839 Assize
1523 801 1568 839 of
1583 801 1814 840 Clarendon.

591 867 614 904 l.
645 869 678 904 8.
709 868 944 905 Mobilium
964 879 1070 905 vero
1089 868 1244 913 pretia.
1293 866 1351 904 Cf.
1374 866 1414 904 P.
1437 866 1483 904 R.
1507 879 1551 904 12
1577 866 1680 904 Hen.
1705 867 1757 906 ΙΙ.
1779 867 1939 905 Lz'ncoln

486 936 495 952 ‘
509 932 618 970 Idem
638 932 852 970 vicecomes
872 931 993 969 reddit
1013 938 1239 981 compotum
1259 931 1307 969 de
1327 931 1473 969 catallis
1493 930 1741 980 fugitiuorum
1756 939 1793 970 et
1809 943 1942 969 eorum

486 998 552 1048 qui
577 997 772 1047 perierunt
797 997 836 1034 in
859 997 1000 1035 iudicio
1029 1009 1128 1047 aque
1158 1009 1321 1047 quorum
1346 998 1507 1035 nomina
1534 997 1595 1035 hic
1625 997 1940 1035 subscribuntur:

486 1063 533 1101 In
559 1063 738 1101 thesauro
763 1063 850 1111 33li
870 1069 907 1100 et
938 1064 1014 1099 16s.
1036 1068 1073 1099 et
1103 1063 1161 1108 4d.
1183 1062 1222 1099 in
1250 1076 1299 1111 30
1327 1062 1460 1100 talliis.'
1528 1061 1650 1100 Other
1669 1063 1861 1101 instances
1880 1074 1943 1100 are

485 1128 630 1179 quoted
663 1129 714 1177 by
741 1127 891 1165 Madox
925 1126 997 1179 (H
1017 1127 1068 1165 E.
1098 1140 1134 1165 x.
1165 1128 1184 1177 ξ
1216 1129 1251 1173 8,
1281 1141 1344 1177 pp.
1377 1138 1452 1175 225
1482 1125 1568 1177 sq.).
1637 1126 1741 1165 Note
1769 1127 1850 1166 that
1880 1129 1945 1166 the

486 1194 676 1243 Dialogus
695 1193 830 1230 knows
856 1193 1018 1242 nothing
1046 1192 1091 1230 of
1114 1193 1177 1231 the
1204 1192 1303 1242 right
1322 1193 1368 1231 of
1389 1193 1452 1230 the
1472 1205 1600 1230 crown
1621 1200 1661 1230 to
1682 1195 1727 1231 ‘a
1747 1204 1847 1242 year,
1870 1192 1946 1241 day

488 1259 566 1297 and
585 1256 722 1296 waste'
743 1257 788 1296 of
804 1258 867 1295 the
887 1257 1022 1295 felon’s
1041 1258 1162 1296 lands.
1219 1257 1397 1304 Glanvill,
1417 1258 1477 1295 vii.
1504 1268 1562 1307 17.
1586 1272 1619 1304 4.

593 1323 616 1361 1.
651 1333 710 1371 17.
740 1334 930 1369 quorum
949 1334 1084 1369 supra
1103 1325 1396 1361 meminimus.
1453 1322 1512 1361 Cf.
1533 1322 1585 1360 11.
1607 1323 1627 1359 i.
1647 1323 1683 1360 A
1703 1323 1838 1360 above.

595 1389 619 1426 1.
651 1401 711 1425 20.
740 1383 812 1426 Sic
838 1392 884 1426 et
907 1389 1157 1426 thesaurus.
1211 1387 1529 1426 Treasure-trove
1562 1400 1640 1425 was
1672 1388 1736 1425 the
1767 1395 1947 1438 property

489 1453 533 1493 of
556 1453 619 1491 the
647 1465 789 1499 crown,
816 1452 893 1490 and
918 1452 981 1490 the
1008 1452 1274 1490 concealment
1298 1452 1342 1490 of
1365 1453 1393 1490 it
1417 1465 1440 1490 a
1467 1452 1640 1491 criminal
1665 1453 1826 1491 offence.
1884 1452 1942 1491 Cf.

490 1518 668 1564 Glanvill,
698 1518 721 1555 i.
755 1530 788 1563 2,
818 1518 889 1555 xiv.
921 1530 955 1554 2.
1022 1516 1223 1555 Instanees
1253 1517 1298 1556 of
1325 1524 1615 1555 treasure-trove
1645 1516 1859 1555 accounted
1888 1517 1947 1554 sor

490 1586 542 1634 by
562 1583 625 1621 the
645 1582 777 1620 sheriff
793 1582 865 1619 will
884 1583 932 1620 be
951 1582 1071 1619 found
1091 1582 1130 1619 in
1152 1581 1314 1628 Madox,
1334 1582 1391 1621 H.
1412 1582 1464 1620 E.
1485 1595 1523 1620 x.
1543 1583 1561 1631 ξ
1585 1584 1619 1627 8,
1641 1595 1679 1632 p.
1704 1595 1793 1631 234.

597 1651 715 1686 Item
761 1659 864 1686 cum
906 1649 1007 1693 qujs
1052 1650 1219 1686 laicum
1264 1650 1457 1686 fundum
1502 1650 1683 1686 habens.
1751 1646 1947 1696 Compare

491 1713 670 1760 Glanvill,
703 1713 764 1750 vii.
800 1714 856 1750 16.
893 1713 931 1761 ἓξ
968 1725 1042 1759 2-4
1077 1712 1202 1750 ‘Cum
1239 1713 1326 1763 quis
1363 1724 1453 1750 vero
1491 1712 1693 1749 intestatus
1731 1711 1947 1756 decesserit,

491 1778 623 1816 omnia
647 1777 784 1816 catalla
810 1790 880 1815 sua
905 1778 962 1815 sui
987 1777 1133 1816 domini
1160 1789 1244 1815 esse
1272 1777 1554 1827 intelliguntur;
1577 1806 1584 1814 .
1606 1805 1614 1814 .
1635 1807 1643 1814 .
1663 1776 1835 1814 Vsurarii
1859 1787 1950 1813 vero

492 1855 630 1881 omnes
660 1855 730 1888 res,
761 1843 841 1881 siue
875 1849 1033 1881 testatus
1067 1843 1147 1881 siue
1176 1843 1375 1881 intestatus
1403 1842 1646 1880 decesserunt
1674 1840 1772 1892 (sic),
1802 1841 1950 1879 domini

494 1908 613 1958 Regis
641 1915 753 1954 sunt;
797 1908 904 1946 viuus
932 1915 1059 1946 autem
1088 1921 1166 1946 non
1197 1908 1292 1946 solet
1320 1908 1457 1959 aliquis
1485 1908 1534 1946 de
1563 1907 1720 1946 crimine
1749 1919 1859 1944 vsure
1888 1919 1952 1956 ap·

492 1973 626 2023 pellari
658 1985 730 2011 nec
763 1973 951 2021 conuinci,
986 1974 1054 2012 sed
1085 1973 1182 2011 inter
1219 1981 1364 2012 ceteras
1397 1973 1517 2022 Regis
1553 1972 1816 2022 inquisitiones
1854 1972 1952 2009 solet

493 2039 631 2089 inquiri
649 2046 686 2077 et
710 2039 875 2088 probari,
896 2039 1061 2089 aliquem
1081 2039 1120 2076 in
1140 2039 1202 2077 tali
1228 2039 1387 2077 crimine
1414 2038 1622 2077 decessisse
1649 2049 1717 2088 per
1745 2037 1950 2075 duodecim

494 2104 637 2153 legales
675 2104 851 2142 homines
885 2103 932 2142 de
966 2104 1127 2142 visineto
1161 2111 1197 2142 et
1235 2116 1303 2154 per
1341 2116 1474 2142 eorum
1512 2110 1803 2141 sacramentum.
1859 2102 1951 2149 Quo

495 2170 657 2219 probato
678 2169 717 2206 in
745 2169 860 2215 curia,
880 2181 1016 2207 omnes
1044 2181 1104 2207 res
1132 2170 1295 2208 mobiles
1318 2176 1356 2207 et
1380 2169 1512 2207 omnia
1537 2168 1672 2207 catalla
1698 2180 1773 2217 que
1799 2168 1952 2205 fuerunt

495 2235 614 2284 ipsius
634 2235 791 2272 vsurarii
811 2234 963 2280 mortui,
984 2235 1033 2272 ad
1054 2246 1140 2272 vsus
1161 2234 1306 2272 domini
1327 2234 1446 2283 Regis
1467 2234 1666 2284 capientur
1680 2245 1800 2283 penes
1819 2244 1953 2282 quem-

496 2311 661 2348 cumque
680 2299 924 2336 inueniantur
944 2311 1003 2336 res
1029 2299 1100 2337 ille.
1161 2298 1291 2337 Heres
1318 2311 1473 2350 quoque
1497 2298 1616 2348 ipsius
1644 2297 1716 2336 hac
1741 2297 1879 2335 eadem
1905 2297 1952 2334 de

496 2375 612 2401 causa
632 2364 885 2401 exheredatur
904 2364 1117 2402 secundum
1136 2364 1194 2402 ius
1214 2364 1323 2414 regni
1342 2371 1380 2402 et
1400 2363 1449 2401 ad
1468 2363 1670 2402 dominum
1688 2362 1748 2400 vel
1774 2363 1952 2400 dominos

498 2435 704 2466 reuertetur
732 2428 932 2466 hereditas.
1000 2428 1207 2467 Sciendum
1235 2436 1376 2475 tamen,
1395 2429 1502 2478 quod
1528 2429 1559 2466 si
1586 2429 1672 2478 quis
1699 2427 1829 2478 aliquo
1859 2434 1955 2465 tem·

498 2505 591 2542 pore
621 2494 810 2531 vsurarius
836 2493 946 2532 fuerit
972 2494 1012 2531 in
1038 2494 1114 2532 vita
1142 2506 1221 2540 sua,
1257 2502 1294 2532 et
1325 2506 1440 2544 super
1470 2493 1546 2531 hoc
1578 2494 1618 2531 in
1648 2493 1771 2542 patria
1801 2492 1954 2542 publice

501 2557 723 2604 defamatus,
745 2559 775 2596 si
795 2566 923 2596 tamen
947 2571 971 2597 a
993 2558 1132 2597 delicto
1160 2559 1244 2609 ipso
1272 2567 1359 2598 ante
1384 2565 1552 2597 mortem
1577 2571 1687 2596 suam
1710 2557 1894 2596 destiterit
1916 2564 1954 2595 et

500 2621 749 2670 penitentiam
770 2623 899 2671 egerit,
919 2630 1008 2673 post
1026 2630 1192 2661 mortem
1211 2624 1330 2673 ipsius
1350 2623 1411 2661 ille
1429 2623 1489 2661 vel
1507 2635 1566 2661 res
1584 2623 1666 2661 eius
1686 2623 1771 2672 lege
1799 2622 1954 2660 vsurarii

501 2685 660 2723 minime
703 2688 971 2727 censebuntur.
1047 2688 1212 2738 Oportet
1250 2701 1344 2738 ergo
1382 2695 1570 2734 constare,
1609 2688 1716 2738 quod
1762 2687 1954 2725 vsurarius

503 2749 707 2787 decesserit
743 2751 878 2801 aliquis
916 2752 966 2790 ad
1003 2752 1085 2799 hec,
1124 2760 1166 2791 ut
1197 2753 1245 2791 de
1279 2766 1326 2791 eo
1364 2759 1550 2803 tanquam
1589 2753 1636 2790 de
1665 2753 1834 2790 vsurario
1868 2759 1955 2802 post

504 2820 668 2852 mortem
705 2815 821 2865 ipsius
858 2818 1045 2856 iudicetur
1077 2824 1116 2857 et
1146 2818 1194 2856 de
1224 2819 1338 2857 rebus
1376 2819 1494 2869 ipsius
1516 2824 1718 2871 ¹tanquam
1756 2817 1804 2856 de
1842 2818 1954 2856 rebus
