2022 3281
82 202 98 234 1
121 193 164 235 iii
187 191 236 251 F]
571 191 658 233 DE
692 189 1050 234 SCACCARIO
1484 189 1537 241 65

81 307 224 359 recipi.
285 304 332 346 Si
361 303 521 346 scilicet
551 311 736 358 pensata
761 317 859 346 curn
882 303 990 344 libra
1010 301 1213 357 ponderis
1243 302 1298 343 de
1324 301 1540 343 scaccario

83 376 258 416 inuenta
294 379 360 415 est
396 373 539 414 minus
579 373 745 415 habens
784 373 896 414 vltra
936 372 989 415 vi.
1059 370 1172 413 Cum
1212 384 1316 425 ergo
1357 370 1540 424 quilibet

83 450 261 485 moneta
289 443 407 497 regni
434 443 560 483 huius
590 443 848 496 impressam
876 441 1037 482 habere
1058 440 1218 482 debeat
1249 439 1361 494 regis
1383 439 1539 493 imagi-

82 526 183 554 nem
206 519 249 553 et
270 512 326 553 ad
349 512 465 553 idern
489 512 661 565 pondus
684 524 836 552 omnes
863 509 1094 551 monetarii
1123 515 1353 552 teneantur
1374 507 1542 562 operari

83 581 270 635 qualiter
310 580 401 621 fieri
438 587 585 636 potest
619 586 667 622 vt
703 593 790 621 non
831 592 961 620 omne
1002 591 1152 620 eorum
1194 592 1306 633 opus
1346 577 1542 618 eiusdem
1566 595 1582 625 5

84 649 291 704 ponderis
312 650 378 691 sit.

142 718 374 772 Magister.
435 718 649 771 Magnum
684 724 749 759 est
782 717 901 771 quod
934 717 1079 771 queris
1116 723 1159 758 et
1194 715 1371 758 alterius
1412 728 1544 769 egens

85 787 384 841 inquisitionis,
445 787 661 828 Attamen
698 786 788 828 fieri
825 793 972 840 potest
1008 799 1085 840 per
1115 785 1311 827 falsarios
1343 791 1388 826 et
1417 797 1545 825 num-

88 869 257 896 morum
280 857 576 897 decurtatores
596 856 663 896 vel
687 856 956 897 detonsores.
1016 854 1205 896 Noueris
1227 859 1375 895 autern
1398 866 1547 894 mone-

87 930 179 966 tam
214 923 379 978 Anglie
412 925 455 965 in
491 924 629 965 tribus
662 923 814 965 falsam
852 923 1128 976 deprehendi,
1160 922 1203 962 in
1239 921 1349 962 falso
1385 921 1547 962 scilicet
1569 938 1607 961 10

88 995 296 1047 pondere,
317 994 359 1034 in
384 993 493 1034 falsa
517 993 626 1046 lege,
649 993 690 1032 in
718 992 826 1033 falsa
854 991 1053 1045 imagine.
1117 991 1218 1031 Hiis
1248 996 1397 1031 tamen
1429 988 1546 1031 falsi·
1567 995 1594 1026 F

87 1063 251 1104 tatibus
274 1076 352 1115 par
373 1075 514 1116 poena
535 1076 621 1102 non
643 1062 838 1103 debetur.
901 1060 991 1102 Sed
1013 1060 1069 1100 de
1090 1059 1173 1100 hiis
1199 1059 1318 1100 alias.

146 1131 406 1184 Dz'sczpulus.
467 1130 515 1172 Si
538 1130 681 1184 placet
703 1143 962 1184 persequere
983 1129 1039 1170 de
1061 1129 1213 1170 officiis
1234 1134 1281 1168 vt
1302 1127 1468 1181 cepisti.

146 1200 378 1252 lllagz‘ster.
429 1198 504 1239 Ad
524 1198 715 1239 hostiarii
738 1211 884 1239 curam
907 1203 1077 1251 spectat
1093 1203 1140 1238 vt
1162 1196 1371 1237 excludat
1387 1196 1453 1237 vel
1476 1196 1549 1238 ad·

91 1268 239 1310 mittat
260 1268 378 1321 quod
399 1273 574 1321 oportet
595 1273 639 1308 et
660 1266 844 1320 diligens
873 1266 930 1307 sit
959 1266 1001 1306 in
1029 1266 1228 1307 custodia
1249 1265 1444 1305 omniurn
1467 1278 1552 1318 que
1575 1281 1612 1312 15

89 1337 233 1379 hostio
267 1335 596 1378 concluduntur.
656 1335 788 1376 Vnde
824 1340 866 1375 et
905 1335 1073 1376 ratione
1113 1334 1245 1374 hostii
1280 1334 1336 1374 de
1372 1333 1553 1387 singulis

93 1405 297 1448 breuibus
319 1405 462 1446 exitus
484 1405 596 1446 duos
618 1404 753 1446 habet
774 1405 984 1445 denarios.
1041 1403 1127 1443 Hic
1150 1402 1368 1443 ministrat
1390 1401 1554 1443 forulos

91 1475 148 1516 ad
184 1474 414 1528 pecuniam
450 1474 748 1527 reponendam
789 1478 832 1513 et
866 1472 1031 1514 rotulos
1064 1477 1108 1512 et
1147 1470 1286 1512 taleas
1326 1477 1371 1511 et
1411 1477 1554 1512 cetera

91 1544 334 1585 necessaria
366 1556 443 1596 per
477 1556 641 1584 annum
674 1548 718 1584 et
751 1556 832 1596 pro
865 1541 1044 1595 singulis
1078 1540 1229 1582 forulis
1270 1540 1382 1581 duos
1421 1539 1555 1580 habet

92 1612 303 1654 denarios.
367 1612 454 1652 Hic
486 1611 529 1652 in
560 1625 737 1653 ornnem
770 1618 994 1664 receptam
1025 1610 1144 1664 ligna
1178 1615 1398 1664 oportuna
1427 1608 1553 1648 mini·
1577 1626 1616 1649 20

93 1687 201 1724 strat
223 1682 279 1722 ad
307 1681 444 1722 taleas
465 1687 639 1734 recepte
668 1686 711 1722 et
732 1686 1053 1734 compotorum,
1075 1685 1119 1720 et
1139 1677 1287 1728 semel,
1309 1677 1393 1719 hoc
1422 1685 1487 1718 est
1512 1678 1556 1718 in

93 1750 279 1792 termino
321 1750 459 1791 sancti
499 1749 740 1799 Michaelis,
774 1764 815 1790 v.
850 1748 1013 1790 solidos
1053 1761 1134 1802 pro
1175 1747 1303 1802 lignis
1343 1747 1556 1788 talearum

95 1819 291 1873 percipit.
355 1819 443 1859 Hic
463 1818 640 1860 vascula
668 1818 825 1872 lignea,
847 1817 1060 1870 cnipulos,
1082 1815 1248 1858 loculos
1277 1821 1321 1857 et
1350 1815 1557 1868 corrigias

96 1894 140 1929 et
175 1894 320 1929 cetera
352 1887 519 1928 minuta
549 1887 790 1928 necessaria
820 1886 876 1926 de
907 1886 1011 1927 fisco
1042 1885 1222 1926 inuenit.
1286 1884 1337 1924 In
1369 1883 1558 1924 termino

96 1957 252 1997 eodem
281 1969 361 2010 pro
390 1956 587 1997 incausto
608 1956 744 1996 totius
773 1954 875 1995 anni
898 1954 954 1995 ad
975 1961 1209 2006 vtrurnque
1234 1952 1495 1993 scaccarium
1516 1952 1557 1992 ii.
1581 1969 1594 1990 2
1602 1970 1619 1999 5

96 2024 225 2065 solidi
255 2025 468 2066 debentur
497 2038 608 2077 quos
636 2024 718 2064 sibi
747 2024 803 2064 de
831 2023 1014 2076 antiquo
1042 2023 1131 2063 iure
1151 2021 1354 2063 vendicat
1382 2021 1560 2062 sacrista

98 2093 276 2135 maioris
300 2093 481 2134 ecclesie
501 2092 827 2133 Wintoniensis.
881 2091 1037 2145 Vigilis
1059 2089 1252 2131 officium
1274 2090 1389 2130 idem
1412 2095 1478 2130 est
1500 2089 1559 2130 ibi

99 2163 217 2216 quod
240 2162 354 2211 alibi,
378 2161 709 2215 diligentissima
738 2160 902 2202 scilicet
924 2160 979 2200 de
1001 2165 1129 2201 nocte
1149 2159 1349 2200 custodia
1369 2157 1560 2200 thesauri

98 2231 394 2286 principaliter
419 2237 462 2272 et
491 2231 689 2272 omniurn
718 2243 871 2270 eorum
893 2242 979 2282 que
1001 2229 1043 2268 in
1065 2228 1199 2268 domo
1221 2227 1414 2269 thesauri
1434 2241 1560 2281 repo-

100 2306 273 2341 nuntur.
335 2299 407 2342 Sic
443 2299 579 2340 habes
616 2298 812 2340 omnium
849 2297 991 2339 officia
1031 2297 1237 2338 distincta
1273 2295 1345 2349 qui
1386 2295 1561 2336 inferius
1582 2310 1623 2341 30

100 2369 360 2411 ministrant.
423 2368 539 2410 Sunt
567 2374 611 2409 et
638 2367 720 2408 hiis
747 2366 1026 2408 liberationes
1055 2365 1290 2406 constitute
1314 2365 1418 2405 dum
1445 2378 1562 2406 scac-

101 2439 268 2480 carium
293 2444 386 2488 est3
417 2437 502 2478 hoc
529 2442 594 2477 est
621 2451 647 2478 a
676 2436 748 2476 die
776 2449 863 2488 qua
890 2439 1190 2475 conuocantur
1211 2447 1348 2486 usque
1369 2433 1425 2474 ad
1448 2433 1563 2474 diem

102 2521 189 2561 qua
225 2506 440 2561 generalis
477 2513 542 2547 est
574 2506 774 2547 secessio.
839 2503 1031 2545 Clericus
1061 2502 1315 2544 thesaurarii
1346 2502 1419 2555 qui
1453 2501 1563 2542 infra

104 2582 169 2617 est
192 2591 232 2617 v.
258 2576 458 2617 denarios
488 2574 621 2616 habet
652 2575 694 2615 in
715 2574 796 2615 die.
857 2572 1052 2625 Scriptor
1083 2571 1276 2612 eiusdem
1307 2570 1562 2612 thesaurarii

152 2675 172 2700 2
191 2664 300 2709 vltra]
319 2677 430 2711 quam
448 2666 480 2700 C
631 2674 696 2708 4-1
708 2674 720 2698 1
741 2670 777 2699 et
796 2663 844 2698 ad
858 2663 956 2697 idem
976 2689 984 2697 .
1003 2688 1011 2696 .
1030 2688 1038 2696 .
1055 2662 1148 2696 falsa
1162 2661 1322 2706 imagine
1335 2662 1381 2696 N
1383 2659 1412 2696 ⁸:
1441 2662 1564 2697 verbis

104 2724 214 2747 omne
230 2724 370 2756 eorum,
388 2719 562 2753 attamen,
581 2718 676 2747 -tarn
694 2711 828 2755 Anglie
856 2736 864 2745 .
890 2736 898 2743 .
923 2736 930 2743 .
956 2709 1117 2753 imagine
1135 2720 1251 2743 manu
1268 2709 1464 2745 recentiori
1477 2720 1564 2743 exa-

104 2761 202 2795 ratis
214 2761 254 2793 in
272 2761 443 2805 margine
505 2768 522 2804 5
542 2759 674 2804 poterit
693 2758 739 2793 N
793 2767 834 2801 19
852 2768 916 2801 per
935 2756 1095 2800 singulos
1112 2756 1247 2791 forulos
1264 2757 1300 2790 R
1358 2765 1398 2790 21
1418 2757 1512 2791 tales
1530 2757 1566 2790 R

107 2817 151 2850 23
170 2806 346 2851 cinipulos
367 2807 398 2841 C
531 2815 574 2850 27
592 2804 860 2841 Wintoniensis
877 2805 1113 2849 scripsimus:
1141 2803 1461 2839 Westmonasterii
1478 2803 1564 2839 CR:

106 2853 479 2889 westmonasterium
494 2853 541 2887 N
630 2862 673 2897 32
700 2850 786 2895 hoc]
800 2851 861 2885 hic
878 2851 924 2885 N

165 2934 203 2953 m:
215 2934 305 2953 senice.
817 2919 852 2950 K
