2022 3281
107 207 125 240 1
145 213 173 241 v
193 197 239 252 v]
595 195 681 237 DE
713 191 1076 238 SCACCARIO
1511 191 1561 231 81

108 311 282 354 mobilis
311 315 505 364 questus,
527 315 593 351 set
623 315 689 350 est
720 309 764 349 in
794 308 854 350 eis
885 319 1088 349 ascensus
1120 311 1164 348 et
1194 305 1438 353 descensus,
1463 304 1565 345 licet

109 393 198 422 non
232 392 414 430 annuus,
443 377 647 432 frequens
679 383 843 429 tamen,
873 389 1027 418 census
1067 374 1282 425 dicuntur,
1313 380 1357 416 et
1387 373 1447 414 sic
1488 387 1566 428 per

109 449 325 492 afferesim
362 447 555 489 redditus
590 447 671 488 hos
706 446 872 487 censeri
908 445 1071 487 dicunt.
1151 443 1264 486 Sunt
1304 448 1453 485 tamen
1489 443 1565 497 qui

110 518 290 560 credant
322 529 499 559 censum
532 516 616 558 dici
650 529 734 569 que
766 530 791 557 a
827 513 1006 569 singulis
1041 512 1290 554 hominibus
1326 511 1565 562 soluuntur,

110 587 236 629 firma
269 600 373 629 vero
413 600 497 640 que
531 598 589 626 ex
629 584 711 626 hiis
752 585 899 638 surgit,
933 589 980 625 vt
1017 583 1073 624 sit
1112 581 1237 624 firma
1277 593 1436 622 nomen
1478 579 1566 622 col·
1587 595 1606 628 5

110 656 318 698 lectiuum
358 655 470 697 sicut
507 655 651 696 turba.
722 652 795 696 Ob
836 653 917 695 hoc
956 652 1087 707 igitur
1126 651 1237 692 sicut
1276 649 1464 691 creditur
1504 648 1565 691 sic

112 731 309 767 censetur
339 731 387 765 ut
417 736 609 765 annuum
640 722 800 764 indicet
830 728 874 764 et
905 721 1077 762 firmum
1108 733 1194 761 non
1225 733 1319 760 esse
1352 718 1565 771 designet.

114 795 219 835 Post
241 794 320 835 hec
341 793 591 842 constituta,
609 792 726 833 facto
744 792 899 832 iterum
922 789 1165 843 interuallo,
1186 788 1236 831 fit
1257 793 1489 842 compotus
1510 787 1567 828 de

114 863 273 905 debitis
306 876 434 915 super
473 861 631 915 quibus
671 859 959 901 summonitus
995 864 1060 900 est
1091 859 1349 909 vicecomes,
1387 856 1568 910 pretitu-

113 932 214 973 latis
244 938 391 972 tamen
423 930 672 971 nominibus
704 928 875 969 illorum
908 928 1097 969 iudicum
1129 940 1316 980 quorum
1346 926 1426 968 hec
1453 930 1568 966 sunt.
1591 938 1630 962 10

114 1000 284 1042 Vltimo
314 1014 416 1041 vero
447 1000 502 1040 de
531 998 699 1041 catallis
737 997 1020 1051 fugitiuorum
1050 996 1118 1037 vel
1154 995 1453 1037 mutilatorum
1490 1007 1570 1048 pro

116 1069 369 1111 excessibus
401 1068 499 1115 suis,
532 1074 576 1108 et
604 1067 686 1108 hiis
715 1065 903 1120 expletis
936 1071 1169 1120 compotus
1199 1064 1312 1105 illius
1340 1063 1570 1105 vicecomi-

116 1144 234 1180 tatus
256 1137 520 1178 terminatur.
579 1136 835 1177 Cauendum
857 1140 1004 1175 autem
1026 1139 1093 1175 est
1112 1133 1308 1185 scriptori
1330 1146 1384 1173 ne
1404 1132 1571 1185 aliquid

119 1213 242 1248 motu
283 1205 416 1246 animi
455 1204 522 1246 sui
563 1204 724 1245 scribat
765 1203 808 1244 in
849 1202 990 1243 rotulo
1032 1202 1113 1242 nisi
1148 1202 1268 1255 quod
1303 1201 1572 1242 thesaurario

118 1275 312 1316 dictante
352 1273 563 1315 didicerit.
624 1272 756 1326 Quod
795 1272 830 1313 si
871 1270 981 1312 forte
1023 1284 1101 1324 per
1141 1269 1466 1324 negligentiam,
1503 1267 1630 1313 vel¹5

117 1344 250 1386 aliurn
278 1342 516 1397 quemlibet
543 1355 703 1390 casum,
728 1340 958 1395 contigerit
985 1353 1085 1382 eum
1115 1352 1255 1380 errare
1286 1339 1330 1379 in
1360 1338 1574 1391 scriptura

118 1412 246 1454 rotuli
267 1412 336 1453 vel
364 1413 405 1453 in
434 1411 608 1453 nomine
631 1410 701 1452 vel
729 1410 772 1451 in
803 1423 983 1451 numero
1009 1409 1078 1450 vel
1107 1409 1150 1449 in
1181 1421 1313 1449 causa
1342 1408 1386 1447 in
1416 1406 1575 1460 quibus

118 1481 182 1523 vis
218 1481 357 1522 maior
387 1480 598 1534 scripture
632 1479 842 1528 consistit,
871 1491 958 1519 non
994 1483 1217 1532 presumat
1253 1477 1474 1525 abradere,
1510 1480 1625 1516 setV

119 1550 233 1591 linea
268 1549 416 1591 subtili
451 1550 665 1591 subducta
705 1547 915 1590 cancellet
955 1554 998 1588 et
1037 1547 1198 1589 scribat
1233 1547 1275 1587 in
1310 1546 1420 1587 serie
1455 1543 1574 1598 quod

118 1624 305 1673 oportet.
368 1618 519 1660 Habet
551 1618 666 1659 enim
698 1616 827 1659 rotuli
859 1617 1072 1670 scriptura
1103 1616 1187 1658 hoc
1214 1627 1447 1656 commune
1475 1626 1573 1656 cum
1597 1632 1636 1656 20

119 1688 249 1730 cartis
279 1693 322 1729 et
349 1686 444 1728 aliis
471 1687 642 1741 scriptis
669 1686 932 1740 patentibus,
953 1685 1072 1739 quod
1099 1685 1251 1726 abradi
1271 1697 1358 1725 non
1379 1676 1511 1724 debet
1532 1688 1575 1724 et

121 1757 180 1798 ob
212 1756 295 1797 hoc
331 1762 507 1797 cautum
544 1763 609 1798 est
641 1762 688 1797 vt
721 1755 776 1796 de
807 1754 993 1809 pellibus
1026 1753 1166 1795 ouinis
1197 1751 1316 1804 fiant,
1351 1752 1453 1806 quia
1489 1765 1576 1792 non

122 1825 247 1866 facile
278 1825 357 1866 nisi
388 1824 619 1866 manifesto
649 1824 755 1866 vitio
785 1838 930 1866 rasure
959 1824 1132 1866 cedunt.

180 1893 438 1946 Discz‘pulus.
501 1893 695 1948 Scriptor
721 1893 802 1935 iste
829 1894 885 1934 de
913 1893 1091 1947 proprio
1115 1905 1170 1933 an
1199 1892 1255 1933 de
1281 1890 1387 1932 fisco
1409 1889 1574 1932 rotulos

124 1961 290 2002 inuenit
307 1966 323 2002 ?

181 2029 408 2082 Magister.
483 2028 535 2070 In
565 2028 753 2069 termino
784 2029 921 2070 sancti
955 2028 1183 2070 Michaelis
1213 2026 1396 2080 scriptor
1425 2026 1508 2067 iste
1536 2040 1578 2068 v.

127 2097 288 2139 solidos
312 2099 365 2139 de
390 2097 495 2138 fisco
524 2098 688 2151 recipit,
709 2103 752 2138 et
779 2097 961 2151 scriptor
989 2096 1240 2139 cancellarie
1261 2096 1367 2137 alios
1392 2095 1581 2138 nichilo-

127 2167 269 2207 minus
307 2180 344 2206 ν.
389 2180 446 2207 ex
489 2165 647 2218 quibus
687 2166 742 2206 ad
782 2171 1016 2219 vtrumque
1052 2164 1242 2206 rotulum
1281 2171 1325 2206 et
1363 2164 1419 2205 ad
1461 2177 1581 2206 surn-

128 2235 384 2276 monitiones
434 2241 478 2275 et
528 2241 724 2288 receptas
782 2233 990 2275 inferioris
1042 2233 1245 2275 scaccarii
1306 2233 1578 2275 membranas

125 2304 360 2345 inueniunt.
1601 2316 1642 2349 30

186 2376 196 2394 ‘
216 2372 344 2423 Cura,
373 2372 507 2424 labor,
540 2372 746 2422 studium,
778 2371 930 2425 reliqui
969 2372 1187 2425 scriptoris
1222 2372 1278 2413 ad
1315 2371 1428 2413 eius’
1465 2371 1582 2413 latus

128 2442 358 2483 residentis
389 2442 430 2483 in
461 2442 540 2482 hiis
571 2440 765 2482 maxime
793 2440 999 2490 consistit,
1020 2445 1078 2489 vt,
1105 2439 1281 2488 scilicet,
1305 2440 1496 2494 excipiat
1526 2440 1582 2481 de

129 2509 273 2551 rotulo
295 2510 433 2552 altero
458 2509 641 2551 verbum
669 2523 693 2550 e
712 2509 858 2559 verbo,
880 2510 1035 2550 eodem
1061 2514 1108 2549 vt
1136 2508 1407 2561 prediximus
1430 2509 1582 2550 ordine

1600 1974 1637 2006 ²5

179 2643 198 2678 3
225 2633 366 2669 censeri
383 2633 523 2678 dicunt]
544 2644 693 2669 censere
711 2633 847 2668 debent
868 2633 914 2667 C:
944 2643 1095 2667 censere
1112 2631 1237 2666 dicunt
1259 2632 1290 2667 C
1302 2642 1414 2667 corn:
1448 2632 1581 2668 censiti

132 2680 259 2715 dicunt
275 2681 322 2714 N
433 2692 455 2725 4
474 2682 628 2716 credunt
651 2681 682 2716 C
802 2678 1011 2714 hominibus
1030 2679 1218 2713 soluuntur
1239 2679 1270 2713 C
1282 2689 1396 2714 corn:
1424 2679 1583 2715 hornini-

134 2728 202 2762 bus
220 2727 398 2762 debentur
415 2728 606 2763 soluuntur
625 2728 656 2763 C
726 2735 745 2770 7
772 2732 808 2761 et
829 2724 990 2769 firmum]
1014 2725 1196 2760 infirmum
1214 2726 1249 2760 R
1330 2735 1371 2770 13
1396 2732 1452 2762 est
1466 2738 1533 2762 om.
1556 2727 1587 2762 C

136 2783 250 2818 19—24
269 2773 339 2809 iste
357 2775 456 2819 quod
474 2802 482 2810 .
500 2801 508 2809 .
526 2801 534 2810 .
552 2775 772 2820 Discz'pulus
790 2771 849 2807 N3
926 2782 970 2806 20
982 2771 1190 2816 commune]
1210 2772 1308 2807 idern
1326 2773 1373 2807 N
1456 2783 1496 2808 21
1519 2774 1584 2809 de·

133 2821 222 2856 bent
238 2821 285 2854 N
350 2822 394 2856 26
397 2824 486 2867 post
497 2822 652 2857 termino
665 2821 750 2856 add.
765 2820 833 2855 iste
847 2820 894 2854 N
959 2819 1114 2864 scriptor
1129 2818 1196 2854 iste
1209 2831 1277 2855 om.
1290 2820 1338 2854 N
1403 2829 1446 2864 27
1464 2822 1585 2867 apices

136 2894 146 2903 .
164 2893 174 2904 .
191 2879 233 2902 co
250 2867 379 2913 recipit
396 2879 465 2905 om.
485 2869 515 2905 C
530 2869 702 2915 margine
710 2869 881 2914 praeciso
978 2876 1020 2910 33
1047 2866 1167 2902 eidem
1184 2867 1220 2901 R

193 2942 232 2961 DE
244 2943 336 2962 scacc.
847 2933 884 2965 Μ
