2022 3281
121 204 158 237 11
181 194 209 237 ii
231 194 286 254 D]
606 196 692 239 DE
725 195 1084 239 SCACCARIO
1492 201 1572 250 ‘117

121 322 256 363 penes
278 309 420 362 ipsum
443 322 632 363 suosque
655 310 853 360 resideat,
874 310 956 351 soli
982 309 1082 351 fidei
1105 308 1196 350 eius
1221 309 1575 351 summonitionis

123 378 420 431 indempnitas
436 379 737 420 committitur.
790 379 941 421 Posset
957 379 1085 429 enim,
1102 379 1220 432 quod
1235 378 1376 425 vellet,
1396 378 1575 432 impune

119 446 277 496 delere,
306 454 473 488 mutare
503 447 571 488 vel
595 448 798 498 minuere,
820 461 919 489 cum
945 461 1031 488 non
1063 454 1208 489 exstet
1235 447 1413 501 aliquod
1439 460 1574 500 penes

121 516 304 557 barones
327 516 418 558 eius
441 516 710 570 rescriptum.

176 583 407 637 Magister.
469 585 622 627 Posset
647 586 829 627 fortasse
859 585 893 627 si
925 584 1070 634 vellet,
1091 589 1158 626 set
1187 585 1298 627 soret
1320 584 1403 627 hoc
1434 585 1571 627 insani
1592 604 1609 635 5

120 653 275 707 capitis
297 660 617 707 argumentum,
638 655 673 694 si
695 654 828 695 tantis
855 668 900 696 se
919 661 1074 707 sponte
1097 654 1298 708 periculis
1317 662 1573 708 opponeret,

119 723 346 776 presertim
376 736 474 764 cum
506 736 593 764 non
625 723 791 765 auferre
822 723 880 766 sic
910 723 1022 776 regis
1053 723 1202 765 debita
1232 730 1381 777 posset
1408 730 1475 765 set
1495 724 1572 765 vix

120 790 323 832 differre:
355 792 502 832 omnia
532 805 722 846 namque
752 792 900 833 debita
932 793 986 834 de
1022 792 1179 845 quibus
1210 792 1571 833 summonitiones

117 859 241 909 fiunt,
262 860 368 901 alias
399 861 628 914 diligenter
658 866 869 902 annotata
901 867 1139 913 seruantur,
1159 861 1272 902 vnde
1303 874 1389 902 non
1421 868 1570 914 posset

119 929 216 982 quis
253 943 279 970 a
310 930 460 971 debito
491 943 581 980 suo,
616 929 748 971 etiam
779 936 1038 983 procurante
1067 930 1333 981 vicecomite,
1369 929 1449 972 hac
1480 936 1571 971 arte
1593 947 1632 969 ιο

119 996 318 1047 liberari3
348 1012 497 1039 verum
523 1000 578 1040 ad
605 999 811 1039 maiorem
840 997 969 1039 huius
997 999 1056 1039 rei
1083 999 1311 1050 cautelam,
1334 999 1522 1040 vidimus
1546 1013 1572 1040 a

120 1067 378 1108 Pictauense
414 1067 730 1117 archidiacono,
766 1080 880 1109 nunc
912 1067 1201 1109 Wintonense
1232 1068 1450 1122 episcopo,
1479 1081 1570 1109 om-

118 1136 239 1177 nium
262 1137 649 1178 summonitionum
678 1137 888 1190 rescripta
918 1135 1010 1177 fieri
1035 1150 1114 1177 nec
1142 1136 1414 1190 aliquatenus
1442 1137 1571 1191 origi—

116 1204 240 1246 nales
290 1205 444 1253 emitti,
486 1205 569 1245 nisi
620 1204 746 1247 factis
797 1212 840 1246 et
890 1205 1120 1259 diligenter
1168 1205 1372 1247 correctis
1422 1219 1570 1246 earum

117 1274 348 1329 rescriptis.
412 1273 522 1315 Cum
551 1280 712 1324 autem,
733 1275 913 1315 sedente
940 1274 1197 1315 vicecomite
1221 1274 1277 1314 ad
1303 1280 1570 1327 compotum,
1591 1290 1628 1323 ¹5

120 1343 336 1396 legeretur
357 1343 641 1383 summonitio
658 1356 684 1383 a
700 1342 855 1384 clerico
872 1342 1126 1393 cancellarii,
1144 1342 1374 1396 inspiciens
1391 1341 1572 1383 clericus

117 1412 409 1453 archidiaconi
445 1412 700 1466 rescriptum
741 1411 1004 1453 obseruabat
1045 1424 1158 1460 eum,
1196 1425 1251 1453 ne
1291 1410 1570 1453 exorbitaret.

119 1480 388 1521 Procedente
403 1494 506 1522 vero
524 1486 735 1534 tempore,
752 1494 851 1522 cum
869 1494 1074 1521 numerus
1092 1479 1341 1521 debitorum
1359 1487 1570 1522 cresceret

115 1548 159 1589 in
190 1548 448 1599 inmensum,
481 1550 593 1592 adeo
624 1557 672 1592 vt
702 1550 774 1590 vni
806 1549 1135 1591 summonitioni
1167 1550 1243 1590 vix
1278 1549 1403 1590 vnius
1436 1562 1572 1590 mem-

118 1618 252 1659 brane
283 1617 512 1673 longitudo
543 1617 771 1670 sufficeret,
786 1633 955 1660 cessum
984 1625 1051 1660 est
1080 1617 1347 1660 multitudini
1379 1624 1423 1660 et
1448 1617 1570 1660 labo-
1591 1635 1631 1657 20

114 1686 229 1728 rioso
253 1688 387 1741 operi,
409 1694 452 1729 et
473 1687 565 1729 sola
586 1688 783 1741 originali
805 1688 1159 1737 summonitione,
1184 1687 1298 1729 sicut
1317 1687 1570 1741 antiquitus,

113 1757 306 1797 contenti
337 1763 451 1798 sunt.
525 1756 599 1798 Sic
620 1757 755 1798 habes
786 1764 834 1799 vt
855 1758 995 1807 credo,
1016 1763 1227 1810 quantum
1250 1756 1442 1798 breuitas
1472 1770 1569 1810 per·

114 1825 244 1877 misit,
276 1825 463 1878 qualiter
498 1832 542 1866 et
574 1826 630 1867 ad
667 1826 774 1880 quid
808 1827 1172 1867 summonitiones
1203 1824 1336 1876 fiant;
1367 1838 1480 1866 nunc
1510 1838 1568 1865 ex
1588 1836 1620 1866 D

112 1894 273 1946 quibus
314 1894 406 1934 fieri
446 1894 638 1935 debeant
671 1894 778 1935 libet
810 1894 979 1944 intueri,
1011 1894 1111 1936 licet
1141 1908 1199 1935 ex
1231 1894 1452 1947 premissis
1483 1893 1568 1935 hoc

113 1962 257 2016 ipsum
285 1976 444 2016 magna
465 1976 545 2017 pro
567 1968 692 2017 parte
713 1963 799 2003 iam
822 1968 1008 2004 constet.
1589 1975 1626 2006 ²5

171 2031 357 2073 Illustris
392 2031 640 2085 Anglorum
679 2046 768 2082 rex,
804 2032 1031 2082 Henricus,
1061 2031 1146 2074 hoc
1181 2032 1360 2073 nomine
1394 2032 1568 2086 partici—

111 2100 308 2154 pantium
337 2114 488 2154 regum
520 2101 736 2142 secundus
763 2101 905 2142 dictus
930 2107 1007 2151 est,
1028 2107 1094 2141 set
1124 2100 1229 2141 nulli
1261 2101 1567 2142 modernorum

113 2169 244 2210 fuisse
266 2170 457 2211 creditur
475 2169 518 2210 in
539 2170 666 2211 rebus
683 2169 996 2223 componendis
1013 2169 1148 2210 animi
1165 2169 1326 2210 virtute
1342 2170 1565 2211 secundus.

110 2238 188 2279 Ab
229 2239 324 2292 ipso
365 2239 480 2279 enim
523 2252 599 2280 sue
639 2238 951 2280 dominationis
993 2237 1185 2288 exordio,
1221 2244 1363 2279 totum
1400 2238 1443 2279 in
1483 2238 1566 2279 hoc

111 2307 274 2349 direxit
309 2307 505 2348 animum
535 2313 583 2349 vt
610 2308 706 2361 paci
743 2307 1001 2349 rebellantes
1038 2313 1081 2347 et
1118 2306 1304 2348 discolos
1338 2306 1565 2360 multiplici
1586 2319 1626 2350 30

109 2375 394 2417 subuersione
419 2382 670 2426 contereret,
693 2383 738 2418 et
766 2376 885 2429 pacis
907 2389 957 2417 ac
981 2375 1081 2417 fidei
1108 2375 1271 2416 bonum
1294 2375 1338 2415 in
1364 2376 1565 2417 cordibus

109 2445 338 2486 hominum
353 2446 493 2487 modis
509 2446 713 2488 omnibus
729 2446 1010 2499 consignaret.
1073 2445 1218 2486 Huius
1236 2444 1367 2499 igitur
1384 2446 1566 2500 insignia

159 2601 179 2625 2
206 2591 455 2627 committatur
470 2593 507 2627 R
601 2602 621 2637 3
647 2592 705 2627 vel
722 2591 885 2627 minuere
903 2602 971 2627 om.
990 2592 1025 2626 R
1120 2598 1138 2636 5
1165 2591 1251 2637 hoc]
1271 2599 1327 2629 set
1348 2594 1385 2628 R
1478 2592 1501 2627 6
1525 2603 1566 2629 se

109 2638 279 2683 periculis
295 2645 424 2682 sponte
440 2640 488 2673 JV
575 2641 596 2675 8
622 2640 763 2674 deferre
779 2641 814 2673 R
911 2648 952 2681 14
976 2637 1092 2674 emitti
1110 2640 1151 2672 in
1168 2649 1306 2674 rasura
1323 2641 1353 2675 C
1446 2640 1489 2675 16
1514 2640 1564 2676 le-

109 2691 241 2730 gentur
257 2696 438 2720 summam
456 2687 492 2720 R
604 2696 646 2731 19
663 2689 738 2731 pro
755 2685 790 2721 in
809 2686 1015 2720 inmensum
1032 2686 1138 2719 habet
1153 2686 1327 2722 lacunam
1343 2688 1380 2722 R
1465 2698 1563 2722 sum-

110 2731 312 2766 monitione
329 2732 375 2766 N
478 2732 537 2767 vix
555 2745 623 2768 om.
640 2734 718 2768 NR
836 2742 880 2767 22
898 2732 1060 2767 contenti
1074 2733 1229 2768 stubbs:
1249 2734 1450 2779 contempti
1464 2734 1563 2768 codd.

110 2778 172 2814 Sic
189 2777 320 2823 habes]
340 2779 439 2823 Ergo
456 2779 588 2815 liberes
606 2781 638 2816 C
785 2787 962 2826 quantum
981 2786 1160 2824 quantum
1179 2780 1210 2815 C
1362 2791 1407 2824 24
1432 2781 1562 2816 intueri

110 2837 178 2860 om.
196 2826 231 2859 R
364 2825 448 2862 licet
463 2825 524 2871 ex]
542 2838 625 2862 cum
643 2838 664 2862 e
680 2828 717 2861 R
857 2836 902 2872 29
927 2825 1022 2872 ipso]
1042 2826 1123 2871 ipsa
1139 2827 1175 2861 R
1326 2828 1426 2867 enim
1441 2839 1512 2864 om.
1529 2829 1564 2863 R

109 2882 158 2918 30
181 2871 338 2908 discoles
355 2873 390 2908 R
482 2883 524 2919 31
553 2874 798 2910 subuensione
813 2874 850 2909 R
943 2879 1108 2910 conteret
1124 2873 1201 2910 NR
