2022 3281
92 188 111 222 1
131 179 203 221 viii
229 176 277 236 B]
580 177 668 219 DE
702 174 1061 220 scAccAR1o
1495 187 1548 230 93

93 297 252 347 potest.
315 290 445 332 Nunc
477 304 562 344 que
587 296 687 332 sunt
719 302 867 331 eorum
898 289 991 330 iura
1015 287 1085 329 vel
1116 286 1350 342 dignitates
1382 286 1552 328 ratione

93 360 298 402 sessionis
321 360 377 400 ad
402 360 666 401 scaccarium
688 359 982 401 ostendemus.

153 428 344 483 Oportet
372 435 519 470 autem
542 429 597 470 de
625 435 771 470 cetero
795 434 843 469 vt
871 426 997 468 nobis
1023 425 1211 480 amplius
1232 430 1383 478 parcat
1403 423 1552 478 lingua

93 498 351 540 detractoris
374 504 417 539 et
439 499 547 539 dens
576 498 744 539 emulus
766 512 820 539 ne
846 496 980 539 laniet
1001 495 1262 537 insultando.
1323 494 1417 535 Vix
1439 494 1553 535 enim

94 567 151 608 ad
174 566 375 608 notitiam
399 574 521 608 tuam
551 567 713 620 aliquid
740 567 896 608 horum
920 566 1188 619 pertingeret
1208 565 1244 606 si
1273 577 1362 606 non
1383 563 1553 604 vsitatis
1573 579 1590 612 5

94 649 239 677 rerum
265 635 500 686 vocabulis,
528 642 594 677 set
620 636 842 689 exquisito
871 635 1101 680 verborum
1127 633 1323 685 scemati,
1352 631 1422 674 vel
1449 645 1552 674 con-

95 703 210 746 fictis
232 705 484 747 nominibus
506 705 764 746 duxerimus
785 704 1086 746 insistendum.

151 772 412 826 Disczpulus.
473 772 623 815 Solam
653 774 885 815 verborum
918 772 1159 814 nouitatem
1190 784 1217 812 a
1245 770 1461 826 principio
1493 770 1556 811 vi-

96 849 190 883 tare
215 842 441 896 premonui
474 849 517 884 et
549 843 660 884 circa
693 842 945 885 communia
975 841 1280 883 communibus
1311 846 1355 882 et
1384 839 1554 880 vsitatis

97 910 169 951 vbi
190 912 332 952 verbis
354 912 535 962 obtinui,
552 925 606 952 ne
627 911 914 966 disciplinalia
928 912 1174 952 rudimenta
1189 909 1363 950 nouitas
1385 908 1555 949 insueta
1577 922 1616 946 10

98 980 306 1021 turbaret.
368 981 442 1022 Sic
473 980 606 1034 igitur
634 987 681 1022 vt
709 980 862 1033 cepisti
891 986 1069 1034 ceptum
1096 979 1230 1020 libeat
1255 978 1335 1019 iter
1363 976 1555 1031 explere.

100 1047 233 1101 Quod
256 1050 290 1090 si
312 1057 357 1091 te
378 1050 438 1092 sic
455 1050 722 1103 gradientem
740 1049 996 1091 detractoris
1013 1047 1157 1089 emula
1179 1060 1302 1088 mens
1318 1046 1387 1087 vel
1407 1046 1556 1100 lingua

99 1119 302 1172 repperit,
333 1118 439 1160 illud
471 1118 670 1160 obtineas
706 1119 762 1160 ab
793 1131 846 1159 eo
875 1123 923 1159 vt
953 1117 1028 1170 qui
1068 1116 1112 1157 in
1142 1116 1313 1169 scriptis
1344 1115 1432 1156 suis
1464 1115 1557 1156 sine

98 1194 281 1242 peccato
304 1195 368 1229 est
394 1188 559 1242 primus
581 1188 624 1228 in
645 1194 690 1228 te
712 1187 904 1241 lapidem
926 1187 1086 1227 mittat.

153 1257 386 1310 Magister.
447 1256 617 1312 Sponte
656 1269 789 1310 parco
829 1255 1070 1297 dummodo
1110 1253 1185 1295 lex
1225 1253 1308 1294 ista
1348 1257 1557 1294 seruetur.
1580 1265 1616 1299 15

99 1327 306 1381 Dignitas
338 1325 617 1367 residentium
648 1325 705 1366 ad
739 1324 1004 1366 scaccarium
1035 1323 1079 1363 in
1115 1322 1312 1376 pluribus
1344 1320 1556 1362 consistit.

98 1397 202 1439 Siue
238 1395 353 1436 enim
391 1395 446 1436 de
482 1394 597 1436 clero
628 1394 716 1435 sint
749 1393 840 1434 siue
872 1393 928 1434 de
963 1392 1075 1447 regis
1106 1391 1223 1433 curia
1259 1390 1333 1444 qui
1365 1389 1559 1431 assident

98 1479 156 1508 ex
178 1465 398 1514 mandato,
420 1464 475 1505 ab
499 1478 549 1504 ea
575 1463 645 1504 die
666 1476 753 1517 qua
774 1462 1037 1504 conueniunt
1065 1474 1203 1514 vsque
1233 1461 1289 1501 ad
1311 1458 1559 1513 generalem

97 1534 385 1576 secessionem
427 1533 481 1573 ad
520 1532 627 1574 alias
663 1530 878 1586 quaslibet
919 1544 1071 1574 causas
1107 1530 1188 1571 sub
1224 1529 1560 1583 quibuscunque

96 1603 309 1645 iudicibus
340 1614 427 1642 non
459 1608 706 1649 euocantur,
738 1607 782 1642 et
812 1601 850 1642 si
880 1600 991 1642 forte
1020 1599 1161 1642 vocati
1192 1598 1352 1639 fuerint
1390 1597 1559 1638 ratione
1580 1610 1619 1632 20

99 1671 274 1728 publice
296 1671 525 1724 potestatis
543 1676 824 1712 excusantur.
885 1669 1017 1723 Quod
1039 1669 1074 1710 si
1096 1675 1196 1710 sunt
1217 1673 1385 1709 actores
1407 1673 1450 1708 et
1472 1678 1560 1707 non

100 1741 159 1783 rei
182 1741 256 1795 qui
278 1740 472 1782 assident
500 1746 543 1781 et
569 1739 677 1781 alias
697 1739 862 1781 habent
884 1739 995 1789 lites,
1024 1739 1067 1778 in
1091 1751 1241 1779 eorum
1270 1736 1352 1778 erit
1380 1734 1559 1776 arbitrio

101 1809 169 1852 vel
186 1809 373 1864 experiri
391 1822 467 1862 per
483 1816 807 1862 procuratorem
821 1808 890 1849 vel
904 1808 1068 1861 absque
1083 1807 1202 1848 omni
1216 1805 1481 1847 detrimento
1496 1803 1563 1844 sui

102 1879 203 1921 iuris
225 1879 340 1919 diem
361 1890 611 1932 prorogare.
672 1876 721 1918 Si
751 1891 854 1918 vero
880 1876 1014 1918 iudex
1039 1876 1121 1916 sub
1148 1888 1238 1929 quo
1265 1873 1451 1926 litigant,
1471 1871 1564 1912 siue

107 1949 165 1989 sit
190 1947 508 1989 ecclesiasticus
538 1946 631 1987 siue
661 1945 853 1993 forensis,
876 1944 985 1999 legis
1015 1943 1142 1985 huius
1172 1943 1358 1996 ignarus,
1386 1941 1443 1982 ab
1474 1940 1561 1981 iam
1582 1958 1621 1990 25

103 2018 223 2059 dicta
255 2016 326 2057 die
358 2015 683 2057 conuocationis
714 2015 770 2055 ad
802 2013 1065 2055 scaccarium
1097 2012 1293 2053 citauerit
1323 2009 1607 2064 quemlibetB

106 2099 270 2134 eorum,
290 2090 333 2125 et
351 2085 577 2125 absentem
596 2083 706 2125 forte
727 2096 806 2136 per
822 2082 1085 2123 sententiam
1106 2079 1380 2134 possessione
1396 2091 1474 2119 sua
1494 2077 1564 2119 vel

105 2155 260 2209 quouis
291 2153 381 2194 iure
408 2152 669 2206 spoliauerit,
691 2151 950 2193 auctoritate
978 2149 1184 2204 principis
1214 2155 1258 2190 et
1287 2148 1454 2189 ratione
1476 2160 1563 2187 ses·

104 2224 236 2266 sionis
259 2223 537 2263 reuocabitur
565 2222 608 2262 in
639 2234 738 2262 eum
768 2227 932 2262 statum
964 2233 1096 2259 causa
1121 2218 1256 2272 ipsius
1286 2217 1330 2257 in
1358 2230 1445 2270 quo
1471 2221 1564 2258 erat

104 2300 206 2336 ante
223 2292 488 2334 citationem.
550 2289 629 2332 Set
652 2289 786 2332 iudex
802 2295 981 2343 propter
1003 2287 1086 2328 hoc
1104 2287 1243 2341 puniri
1265 2300 1354 2327 non
1376 2285 1534 2326 meruit
1554 2297 1563 2336 ;
1583 2305 1624 2338 30

104 2362 223 2417 quod
261 2361 376 2402 enim
414 2360 480 2402 sui
517 2359 647 2401 officii
680 2365 747 2400 est
784 2364 996 2400 executus
1028 2364 1106 2405 est,
1141 2356 1241 2397 licet
1271 2369 1351 2409 pro
1386 2355 1564 2409 publica

104 2437 324 2486 potestate
358 2442 447 2470 non
479 2435 776 2481 consequatur
807 2426 1024 2469 effectum.
1086 2425 1220 2479 Quod
1249 2425 1284 2465 si
1315 2424 1374 2465 sic
1405 2424 1565 2466 citatus

105 2500 235 2542 suerit
254 2506 302 2540 vt
316 2497 460 2540 fatalis
473 2498 581 2548 dies,
601 2496 697 2551 lege
715 2496 1042 2545 determinatus,
1058 2495 1140 2535 sibi
1157 2494 1433 2544 constitutus,
1447 2493 1563 2535 diem

104 2568 431 2611 conuocationis
462 2567 519 2608 ad
549 2566 811 2608 scaccarium
842 2563 1079 2619 preueniat‚
1101 2577 1188 2604 non
1216 2562 1376 2616 poterit
1408 2575 1454 2604 se
1484 2575 1565 2615 per

107 2637 216 2679 illud
246 2649 467 2686 excusare,
498 2635 566 2677 vel
597 2635 752 2677 iudicis
789 2634 1051 2676 sententiam
1086 2631 1313 2682 declinare,
1342 2630 1410 2672 vel
1443 2631 1487 2672 in
1518 2644 1564 2672 se
1584 2651 1624 2684 35

1569 406 1648 444 viii

1571 461 1603 491 A

155 2737 175 2772 3
200 2733 239 2761 vt
257 2738 326 2761 em.
343 2727 420 2779 NR
557 2727 579 2762 6
603 2727 712 2762 rebus
732 2725 763 2761 C
911 2723 1087 2760 confectis
1106 2723 1152 2757 N
1281 2731 1303 2767 9
1327 2721 1379 2767 et]
1399 2722 1512 2757 etiam
1529 2723 1565 2757 R

111 2784 152 2818 13
180 2780 378 2819 reppererit
394 2775 431 2808 R
566 2783 608 2818 23
635 2784 701 2818 per
722 2784 794 2826 pm.
809 2772 874 2807 CR
1001 2780 1046 2823 214
1070 2780 1267 2816 prorogare
1283 2770 1453 2805 Madox:
1481 2781 1564 2824 pre-

108 2832 236 2864 rogare
256 2821 362 2855 CNR
478 2831 676 2865 prerogare
695 2820 793 2855 diem
811 2819 843 2855 C
944 2826 987 2863 27
1014 2818 1157 2853 illorum
1179 2818 1209 2853 C
1310 2826 1352 2863 31
1373 2820 1565 2863 posterzus

106 2875 162 2904 est
180 2879 249 2903 om.
266 2867 313 2902 N
418 2875 460 2913 35
489 2868 675 2904 declarare
693 2867 728 2902 R
