2022 3281
401 180 481 229 148
887 179 973 220 DE
1007 177 1367 222 SCACCARIO
1642 179 1698 238 [ΙΙ
1721 182 1796 223 xiv
1818 191 1844 223 C

351 301 378 333 C
398 293 561 345 relicto,
584 292 661 333 iuri
689 291 910 334 communi
934 290 1054 331 viuat
1083 289 1311 330 obnoxius.
1372 290 1537 333 Caueat
1565 299 1711 335 autem
1731 295 1845 335 vice-

399 375 544 404 comes
578 368 624 403 vt
656 362 901 402 venditores
935 372 1036 400 suos
1068 358 1362 411 premonuerit
1393 359 1436 399 in
1464 361 1700 404 vendendis
1730 363 1846 404 hunc

397 431 594 471 ordinem
630 430 888 478 obseruare;
938 425 1116 468 mobilia
1155 426 1362 480 cuiusque
1401 427 1541 480 primo
1574 432 1846 480 vendantur;

398 499 539 540 bobus
560 504 705 539 autem
733 496 963 545 arantibus,
987 507 1064 547 per
1084 508 1192 547 quos
1219 494 1482 549 agricultura
1508 497 1617 539 solet
1642 499 1845 549 exerceri,

362 589 379 619 5
398 573 610 620 quantum
639 570 842 619 poterunt
868 569 1062 617 parcant,
1081 576 1150 614 ne,
1169 563 1264 616 ipsa
1292 563 1531 615 deficiente,
1556 566 1726 608 debitor
1755 581 1844 607 arn-

398 635 511 688 plius
542 635 585 674 in
614 634 805 675 futuru-m
837 645 964 684 egere
993 637 1186 685 cogatur.
1249 630 1381 684 Quod
1411 632 1446 672 si
1478 646 1556 674 nec
1580 634 1641 675 sic
1668 635 1845 687 quidem

397 716 568 744 summa
605 716 690 756 que
726 701 957 754 requiritur
991 701 1179 754 exurgit,
1215 713 1293 741 nec
1328 700 1548 741 arantibus
1583 704 1846 754 parcendum

398 777 475 812 est.
537 770 647 812 Cum
670 770 802 824 igitur
822 769 981 818 omnia,
1002 782 1086 822 que
1114 769 1170 809 ad
1199 769 1343 822 ipsum
1367 769 1610 823 specialiter
1630 772 1848 824 pertinent
1892 788 1901 796 ·

396 839 575 888 venalia,
587 839 838 880 venundata
858 838 956 886 sint,
972 838 1008 878 si
1029 838 1223 878 nondum
1245 837 1513 879 satisfactum
1530 845 1606 889 est,
1623 840 1847 893 adscripti-

340 928 380 950 10
398 908 558 949 tiorum
586 908 676 948 eius
698 907 855 948 fundos
883 907 1056 958 adeant,
1077 913 1120 948 et
1150 920 1300 947 eorum
1330 906 1487 947 catalla
1510 906 1626 949 licite
1646 908 1849 958 vendant,

398 978 593 1018 ordinem
614 976 744 1017 simul
767 982 811 1017 et
829 976 972 1029 legem
1001 975 1239 1028 predictam
1262 975 1555 1016 obseruantes.
1618 976 1713 1017 Hec
1735 976 1849 1017 enim

397 1046 452 1086 ad
490 1046 715 1086 dominum
752 1045 965 1098 pertinere
999 1051 1247 1096 noscuntur,
1283 1045 1393 1086 sicut
1432 1045 1730 1098 supradictum
1771 1050 1850 1086 est.

397 1114 500 1167 Quo
535 1113 664 1164 facto,
700 1114 791 1154 siue
832 1113 893 1154 sic
928 1115 982 1155 de
1016 1113 1222 1167 requisita
1261 1126 1433 1154 summa
1471 1113 1742 1155 satisfactum
1783 1114 1849 1163 sit,

398 1185 491 1225 siue
517 1198 615 1231 non,
637 1184 881 1225 venditores
909 1184 1028 1225 iubet
1055 1183 1129 1224 lex
1158 1189 1308 1225 nostra
1335 1185 1611 1237 requiescere,
1633 1184 1713 1225 nisi
1739 1184 1851 1225 forte

342 1271 378 1303 15
399 1254 642 1307 scutagium
683 1253 750 1302 sit,
785 1253 902 1306 quod
943 1266 969 1293 a
1009 1253 1190 1294 domino
1231 1253 1469 1306 requiritur.
1531 1253 1614 1294 Pro
1653 1253 1850 1306 scutagio

399 1335 600 1374 namque,
627 1322 663 1361 si
696 1335 781 1361 non
814 1321 1001 1372 soluerit,
1032 1321 1105 1374 qui
1138 1321 1431 1375 regi-tenetur
1459 1322 1662 1362 dominus
1692 1321 1849 1375 princi-

399 1389 519 1443 palis,
542 1403 627 1430 non
653 1395 824 1430 tantum
852 1390 1025 1444 propria
1051 1390 1127 1430 sed
1156 1396 1202 1430 et
1227 1390 1411 1431 militum
1443 1403 1617 1430 suorum
1648 1396 1690 1431 et
1722 1390 1851 1430 ascri-

399 1459 627 1512 ptitiorum
654 1458 810 1500 catalla
832 1459 993 1511 passim
1014 1459 1261 1499 venduntur
1278 1472 1288 1508 ;
1321 1458 1429 1499 ratio
1451 1472 1640 1511 namque
1660 1458 1849 1512 scutagi-

400 1539 525 1567 orum
554 1526 710 1568 milites
738 1540 839 1567 suos
867 1540 1026 1580 magna
1053 1540 1131 1580 pro
1160 1533 1282 1580 parte
1310 1527 1494 1580 respicit,
1519 1527 1621 1580 quia
1649 1541 1736 1567 non
1768 1526 1850 1568 nisi

343 1615 382 1637 20
399 1596 454 1636 de
485 1595 694 1636 militibus
725 1602 767 1637 et
798 1596 963 1637 ratione
990 1596 1142 1637 militie
1169 1596 1258 1651 regi
1287 1597 1511 1638 debentur.
1569 1596 1673 1638 Vidi
1701 1603 1849 1638 tamen

400 1678 482 1718 ego
505 1664 605 1717 ipse,
623 1664 691 1705 cui
712 1664 907 1705 nondum
929 1677 1036 1705 cana
1059 1665 1268 1705 memoria
1289 1672 1367 1714 est,
1389 1678 1468 1718 pro
1489 1665 1670 1717 singulis
1691 1665 1851 1705 debitis

400 1745 548 1772 eorum
576 1733 656 1786 ¹qui
691 1746 779 1773 non
817 1732 1141 1773 satisfaciebant
1181 1746 1266 1773 non
1307 1733 1446 1773 solum
1488 1733 1662 1786 propria
1696 1734 1772 1773 sed
1807 1740 1851 1774 et

400 1800 588 1841 militum
609 1814 786 1841 suorum
812 1806 856 1841 et
883 1800 1220 1853 ascriptitiorum
1242 1800 1398 1842 catalla
1418 1800 1536 1843 licite
1556 1801 1698 1842 vendi.
1761 1801 1851 1843 Sed

398 1868 576 1909 illustris
604 1869 715 1922 regis
744 1869 995 1910 constitutio
1022 1870 1065 1909 in
1092 1870 1296 1923 scutagiis
1324 1876 1495 1911 tantum
1522 1869 1603 1911 hoc
1631 1869 1851 1911 obseruari

342 1960 380 1992 25
400 1938 602 1989 decreuit,
637 1939 789 1979 ordine
828 1943 1003 1979 seruato
1037 1944 1084 1979 vt
1123 1939 1242 1991 prius
1281 1939 1468 1992 propria,
1503 1939 1658 1979 dehinc
1698 1939 1850 1988 aliena,

399 2007 654 2048 vendantur.
709 2006 848 2060 >Quod
878 2006 913 2047 si
943 2006 1104 2048 milites
1131 2021 1192 2056 ea,
1216 2021 1301 2060 que
1329 2007 1385 2048 de
1415 2007 1555 2049 feodis
1582 2007 1670 2048 suis
1695 2021 1850 2060 proue-

400 2075 538 2126 niunt,
575 2076 753 2117 domino
787 2076 996 2118 soluerint
1029 2083 1072 2117 et
1106 2076 1202 2124 hoc,
1238 2075 1387 2118 oblata
1422 2076 1631 2126 cautione,
1669 2076 1852 2131 probare

398 2143 626 2192 voluerint,
653 2159 732 2198 pro
759 2144 854 2193 hiis,
883 2159 968 2198 que
997 2159 1023 2185 a
1053 2145 1242 2186 dominis
1273 2145 1560 2199 requiruntur,
1588 2145 1746 2187 catalla
1773 2158 1853 2186 sua

398 2213 637 2254 venundari
659 2214 732 2255 lex
754 2213 968 2267 prohibet.

459 2281 569 2322 Item
596 2282 898 2323 admonendus
921 2287 986 2322 est
1005 2282 1245 2323 vicecomes
1266 2287 1314 2323 vt
1335 2281 1564 2336 diligenter
1584 2295 1634 2323 ac
1654 2281 1852 2332 sollicite,

398 2356 610 2402 quantum
634 2352 807 2403 poterit,
830 2350 1070 2404 inuestiget‚
1090 2351 1126 2390 si
1148 2350 1244 2403 quis
1266 2350 1309 2390 in
1330 2351 1540 2391 comitatu
1566 2363 1644 2390 suo
1665 2349 1851 2391 debitori

398 2417 460 2458 illi
493 2419 535 2459 in
574 2417 834 2460 solutionem
876 2418 959 2459 sibi
1000 2418 1188 2472 prestite,
1224 2418 1293 2459 vel
1331 2431 1462 2471 penes
1502 2432 1599 2459 eum
1640 2418 1852 2471 deposite,

398 2486 578 2537 pecunie
608 2493 822 2529 teneatur.
883 2487 1016 2541 Quod
1042 2488 1078 2528 si
1104 2488 1327 2528 inuentum
1347 2487 1488 2538 suerit,
1510 2501 1536 2527 a
1557 2487 1756 2529 debitore
1776 2487 1851 2528 illo

397 2566 567 2596 summa
586 2554 671 2604 illa,
689 2569 775 2608 que
795 2556 852 2598 ab
874 2557 964 2598 eius
987 2556 1199 2598 creditore
1215 2555 1288 2609 qui
1310 2555 1399 2609 regi
1420 2560 1594 2597 tenetur
1610 2555 1852 2609 requiritur,

342 2280 381 2311 30

319 2325 381 2352 XV

446 2693 463 2729 5
491 2692 671 2730 poterant,
689 2693 843 2732 parcunt
862 2688 894 2723 C
978 2696 998 2731 7
1024 2694 1175 2733 exurgat
1195 2687 1228 2724 C
1295 2697 1317 2732 9
1341 2688 1589 2724 venundanda
1609 2689 1640 2724 C
1732 2698 1775 2732 14
1792 2688 1849 2724 lex

360 2760 366 2765 .
398 2757 405 2765 .
423 2756 431 2764 .
452 2757 460 2765 .
479 2732 705 2776 requiescere
721 2745 790 2769 om.
806 2735 854 2768 N
1060 2736 1249 2780 quiescere
1265 2735 1301 2769 R
1583 2745 1623 2770 21
1652 2741 1707 2771 est
1724 2747 1792 2770 om.
1809 2735 1858 2770 N

397 2787 440 2812 22
462 2780 650 2831 posterius
673 2791 748 2815 non
764 2791 834 2815 om.
854 2781 886 2816 C
947 2781 998 2827 et]
1017 2780 1053 2816 in
1069 2783 1105 2817 R
1167 2791 1210 2825 23
1237 2780 1410 2827 militum]
1428 2783 1583 2818 multum
1600 2783 1647 2817 N
1713 2792 1758 2825 24
1781 2782 1850 2817 hec

399 2825 462 2860 CR
562 2833 604 2868 31
631 2826 840 2871 inuestigiet
856 2828 905 2861 N
1015 2839 1082 2863 suo
1099 2828 1277 2864 comitatu
1295 2828 1327 2864 C
