2022 3281
115 189 133 222 1
154 180 228 222 viii
250 177 301 237 E]
602 184 689 225 DE
723 182 1083 226 SCACCARIO
1250 239 1255 245 ¹
1512 197 1567 241 95

113 305 282 335 cessum
305 296 468 349 puniet,
489 310 542 338 ne
569 298 643 351 qui
670 303 852 352 presunt
878 296 973 338 aliis
999 296 1107 338 ferre
1133 297 1366 338 videantur
1388 298 1566 352 impune

113 365 232 415 quod
251 365 488 407 decernunt
510 366 553 407 in
576 366 672 407 aliis
696 366 979 420 puniendum.

168 432 428 487 Discipulzcs.
491 435 564 476 Ex
594 435 675 477 hiis
707 434 981 476 manifestum
1013 442 1078 477 est
1108 435 1228 489 quod
1261 434 1471 477 Salomon
1503 436 1565 477 ait

113 500 123 518 ‘
139 499 260 542 Mors
282 510 324 543 et
346 503 433 544 vita
455 503 497 544 in
520 504 720 545 manibus
748 504 894 557 lingue
909 501 918 518 ’
940 510 983 545 et
1009 504 1114 545 item
1134 503 1338 556 Jacobus‚
1362 507 1371 524 ‘
1386 504 1561 559 Lingua

113 570 334 611 modicum
358 572 603 613 membrum
629 579 695 614 est
716 580 760 614 et
781 586 941 626 magna
962 571 1159 614 exaltat.'
1588 594 1606 625 5

168 639 399 692 Affagz'ster.
462 641 534 682 Sic
579 649 657 689 est,
697 649 763 683 set
804 655 1118 695 prosequamur
1164 642 1219 683 de
1261 642 1566 696 dignitatibus.
1590 649 1622 680 D

111 707 244 749 Fiunt
273 709 490 750 interdum
517 724 597 764 per
624 711 861 752 comitatus
892 724 1145 751 communes
1177 710 1312 752 assise
1343 725 1369 752 a
1394 711 1567 752 iustitiis

110 777 366 827 errantibus,
381 792 488 831 quos
506 792 583 819 nos
600 778 970 820 deambulatorios
983 779 1051 819 vel
1067 778 1378 832 perlustrantes
1397 779 1567 820 iudices

110 846 399 895 nominamus,
439 860 524 900 que
564 847 662 888 ideo
703 847 903 888 dicuntur
942 860 1196 888 communes
1237 847 1350 901 quia,
1391 848 1565 901 cognita

110 928 284 956 summa
308 929 392 968 que
413 916 469 956 de
491 917 698 957 comitatu
726 916 966 970 requiritur,
988 916 1279 957 communiter
1299 915 1355 957 ab
1382 916 1464 956 hiis
1486 917 1560 970 qui
1590 933 1629 956 10

110 983 154 1024 in
180 984 389 1026 comitatu
418 983 574 1026 fundos
595 984 757 1026 habent
788 998 865 1038 per
892 985 1017 1026 hidas
1043 985 1326 1035 distribuitur,
1355 991 1402 1025 vt
1430 985 1563 1026 nichil

111 1053 222 1094 desit
253 1053 308 1094 de
339 1053 412 1093 illa
444 1066 542 1094 cum
573 1059 752 1094 ventum
783 1053 909 1094 fuerit
939 1054 995 1094 ad
1027 1054 1290 1095 scaccarium
1321 1053 1565 1095 solutionis.

108 1120 187 1162 Ab
207 1122 288 1162 hiis
309 1122 511 1163 omnibus
537 1135 687 1163 omnes
715 1122 772 1162 hii
799 1123 873 1175 qui
902 1123 957 1162 ad
985 1123 1250 1163 scaccarium
1279 1137 1336 1163 ex
1358 1123 1565 1177 principis

110 1191 318 1232 mandato
359 1191 548 1232 resident
581 1189 786 1232 liberrimi
831 1198 943 1241 sunt,
984 1192 1096 1232 adeo
1136 1198 1184 1233 vt
1223 1205 1310 1232 non
1352 1192 1493 1232 solum
1537 1206 1563 1233 a

108 1260 311 1300 dominiis
332 1260 420 1300 suis
442 1260 518 1300 sed
540 1259 670 1300 etiarn
694 1261 750 1301 ab
768 1261 971 1301 omnibus
989 1260 1127 1301 feodis
1143 1260 1231 1301 suis
1255 1260 1386 1301 nichil
1408 1260 1563 1302 horum
1589 1282 1625 1314 15

108 1328 321 1381 exigatur.
395 1328 442 1370 Si
473 1342 575 1370 vero
605 1328 680 1381 qui
716 1329 874 1370 residet
906 1328 966 1370 ibi
998 1328 1181 1370 fundum
1213 1329 1388 1381 habeat,
1409 1329 1477 1370 vel
1506 1329 1562 1370 ad

109 1395 278 1438 firmam
303 1397 371 1438 vel
398 1397 440 1438 in
469 1398 713 1440 custodiam
740 1398 808 1439 vel
831 1398 964 1439 etiam
993 1398 1048 1439 ad
1075 1398 1234 1451 pignus
1260 1411 1341 1451 pro
1364 1398 1563 1451 pecunia,

105 1465 216 1507 liber
237 1480 325 1508 non
353 1467 441 1517 erit,
463 1467 539 1507 sed
569 1466 708 1521 magis
736 1467 792 1508 de
819 1466 900 1507 hiis
927 1466 1098 1520 legibus
1130 1467 1314 1520 publicis
1342 1467 1565 1508 obnoxius

106 1534 194 1577 fiet.
253 1535 463 1589 Amplius
492 1543 640 1578 autem
662 1543 806 1590 preter
830 1536 908 1576 has
931 1537 1038 1577 liber
1063 1537 1145 1578 erit
1170 1537 1225 1577 ad
1247 1537 1509 1578 scaccarium
1539 1550 1565 1578 a

107 1605 306 1655 murdris,
326 1606 534 1659 scutagiis
555 1611 598 1646 et
619 1620 645 1647 a
671 1605 936 1658 danegeldis.
999 1604 1131 1659 Quod
1160 1612 1307 1647 autem
1334 1606 1390 1646 ad
1422 1606 1565 1659 ipsum
1588 1627 1628 1649 20

106 1673 292 1727 pertinet
313 1688 339 1715 a
359 1687 531 1715 summa
552 1674 789 1716 constituta
811 1674 984 1715 decidet
1003 1680 1046 1716 et
1065 1675 1311 1716 vicecomiti
1333 1682 1564 1728 computa-

105 1743 226 1784 bitur
246 1757 324 1796 per
344 1743 424 1784 hec
445 1744 589 1793 verba,
611 1747 619 1764 ‘
638 1743 689 1784 In
710 1743 915 1796 perdonis
938 1757 1016 1796 per
1037 1743 1170 1784 breue
1193 1743 1305 1797 regis
1327 1743 1388 1783 illi
1411 1743 1479 1784 vel
1500 1744 1564 1784 illi

105 1811 190 1853 hoc
224 1812 293 1853 vel
326 1810 454 1862 illud,'
478 1825 579 1852 curn
609 1818 758 1852 tamen
789 1812 956 1853 nullum
997 1826 1127 1866 super
1162 1812 1244 1853 hoc
1280 1813 1415 1853 breue
1452 1812 1564 1866 regis

106 1880 315 1921 habuerit.
378 1879 545 1921 Caueat
566 1887 712 1922 autem
736 1881 804 1921 cui
826 1880 1058 1922 dimittitur
1078 1880 1241 1934 aliquid
1259 1895 1285 1921 a
1300 1880 1492 1934 principe
1509 1894 1564 1921 ne

107 1955 263 2003 postea
279 1949 360 1990 sibi
377 1949 605 1989 dimissum
622 1949 811 2002 requirat
824 1963 850 1990 a
867 1949 1065 1998 subditis,
1082 1957 1146 1991 set
1165 1950 1304 2003 magis
1323 1963 1490 1990 memor
1507 1952 1563 1991 sit
1585 1970 1599 1992 2
1607 1971 1625 2002 5

107 2017 226 2059 verbi
258 2017 373 2058 illius
395 2017 627 2059 ‘dimittite
655 2024 699 2058 et
730 2015 1038 2069 dimittemini,'
1065 2018 1167 2071 quia
1195 2032 1293 2059 cum
1325 2018 1408 2059 hoc
1432 2018 1564 2062 suerit

106 2085 439 2140 deprehensum,
462 2086 674 2140 princeps,
710 2086 961 2140 euangelice
993 2086 1208 2128 emulator
1240 2087 1452 2137 doctrine,
1484 2102 1564 2130 nec

107 2155 301 2196 dimittet
324 2168 438 2203 eum,
453 2168 531 2196 nec
548 2155 745 2196 debitum
771 2156 964 2196 dimittet
985 2156 1036 2202 ei,
1053 2162 1120 2197 set
1141 2155 1322 2197 forsitan
1345 2157 1388 2196 in
1405 2164 1562 2198 centu-

106 2224 230 2278 plum
262 2224 426 2277 puniet,
457 2223 560 2276 quia
588 2224 785 2278 impensa
816 2224 899 2265 sibi
931 2224 1071 2277 gratia
1100 2224 1275 2265 videtur
1304 2225 1428 2266 abuti
1460 2239 1559 2267 cum
1582 2235 1610 2266 E

105 2293 164 2336 ab
185 2293 279 2334 aliis
299 2293 582 2335 irreuerenter
603 2293 741 2347 exigit
762 2294 881 2347 quod
904 2294 1036 2348 gratis
1058 2293 1140 2335 sibi
1162 2293 1389 2334 dimissum
1412 2300 1492 2336 est.
1583 2309 1625 2339 30

163 2362 420 2415 Dz‘scz‘pulus.
482 2362 666 2403 Dictum
688 2368 764 2412 est,
781 2362 816 2402 si
838 2361 950 2403 bene
967 2362 1158 2412 memini,
1175 2363 1294 2415 quod
1309 2363 1563 2417 quicunque

105 2431 220 2484 regis
258 2436 468 2485 precepto
508 2431 666 2472 residet
706 2431 763 2472 ad
804 2431 1065 2472 scaccarium
1101 2445 1127 2471 a
1167 2431 1429 2484 quibusdam
1466 2431 1562 2485 lege

106 2499 407 2541 determinatis
429 2499 596 2540 ratione
612 2499 814 2541 sessionis
831 2499 937 2540 liber
954 2507 1032 2541 est.
1093 2499 1314 2540 Additum
1332 2506 1398 2540 est
1415 2501 1563 2551 etiam,

105 2567 141 2609 si
162 2568 274 2608 bene
294 2568 452 2618 recolo,
475 2569 701 2610 considere
721 2567 984 2610 scaccarium
1002 2568 1045 2608 in
1066 2568 1255 2609 termino
1278 2568 1456 2618 Pasche‚
1472 2583 1560 2611 non

107 2642 256 2678 tamen
297 2650 381 2690 que
421 2637 508 2678 illic
549 2636 658 2679 fiunt
689 2638 868 2679 omnino
898 2636 1135 2685 terminari,
1170 2643 1237 2678 set
1272 2651 1423 2678 eorum
1456 2652 1560 2680 con·
1581 2649 1620 2679 35

153 2770 175 2805 6
203 2769 263 2805 Sic
280 2776 334 2805 est
353 2781 422 2805 om.
438 2771 474 2805 R
571 2779 590 2814 7
601 2772 690 2816 post
717 2770 828 2805 Fiunt
843 2770 927 2804 add.
946 2776 1071 2805 tamen
1092 2770 1123 2805 C
1229 2780 1281 2813 10,
1300 2781 1337 2806 11
1363 2771 1561 2817 requiritur

107 2842 117 2853 .
131 2843 140 2852 .
154 2843 162 2852 .
175 2816 350 2852 comitatu
368 2829 434 2853 om.
453 2819 489 2852 R
643 2827 686 2861 23
714 2828 822 2862 super
840 2818 911 2851 hoc
929 2817 1068 2851 nullum
1087 2817 1120 2852 C
1269 2827 1311 2861 27
1330 2818 1414 2864 nec]
1434 2831 1507 2854 non
1523 2821 1560 2854 R

107 2871 149 2909 35
177 2864 239 2909 qui
255 2865 291 2898 R
395 2870 448 2900 set
466 2875 594 2900 eorum
611 2875 680 2900 con
699 2891 707 2900 .
726 2891 735 2900 .
753 2891 760 2899 .
779 2864 934 2900 termino
953 2864 1070 2900 sancti
1090 2865 1130 2899 M
1149 2891 1158 2900 .
1177 2890 1186 2900 .
1205 2890 1213 2900 .
1235 2865 1266 2901 C
1279 2876 1400 2911 marg.
