2022 3281
116 200 152 233 11
174 191 215 233 iv
235 187 284 248 B]
603 189 688 231 DE
722 187 1080 232 SCACCARIO
1483 199 1565 244 123

115 306 268 347 adesse
302 318 389 346 non
422 304 596 359 poterit,
631 305 766 347 addat
799 304 840 345 in
879 303 1034 346 litteris
1067 303 1363 346 excusationis
1394 309 1480 358 q'ue
1510 306 1565 346 ad

114 373 376 413 scaccarium
409 372 654 426 diriguntur
678 371 763 412 ‘Et
794 371 897 425 quia
926 371 1071 412 venire
1101 384 1187 412 non
1218 383 1407 424 possum,
1439 371 1573 412 mitto

113 441 236 482 vobis
257 441 337 482 hos
360 440 594 482 seruientes
611 454 732 482 meos
754 440 811 481 N.
828 446 871 481 et
892 440 946 481 N.
970 446 1018 481 ut
1038 439 1134 480 loco
1153 453 1251 480 meo
1272 440 1361 481 sint
1382 445 1425 480 et
1448 441 1566 493 quod

110 510 167 550 ad
194 523 265 551 me
287 510 472 563 pertinet
502 509 677 558 faciant,
699 516 840 550 ratum
866 509 1092 550 habiturus
1114 510 1232 563 quod
1261 509 1342 562 ipsi
1364 507 1566 550 fecerint.'

111 579 345 620 Prouideat
366 585 511 619 autem
533 578 606 632 qui
633 585 813 619 excusat
837 584 883 619 vt
905 577 1014 619 alter
1040 577 1107 619 vel
1132 584 1313 631 vterque
1336 577 1564 618 missorum
1584 598 1602 628 5

111 646 233 688 miles
274 647 330 688 sit
368 647 436 688 vel
467 647 601 688 laicus
631 647 740 688 alius
767 647 934 688 ratione
968 646 1190 702 sanguinis
1220 646 1291 688 vel
1321 647 1446 688 aliter
1481 647 1565 688 sibi

109 716 386 757 coniunctus:
427 716 510 757 hoc
548 722 612 756 est
646 716 767 757 cuius
804 714 905 757 fidei
944 714 1013 756 vel
1046 715 1294 757 discretioni
1327 728 1372 756 se
1407 722 1451 756 et
1487 729 1567 756 sua

110 785 384 826 committere
405 798 491 825 non
512 785 706 826 diffidat:
744 784 859 826 solos
881 785 997 825 enim
1020 785 1199 826 clericos
1220 785 1275 825 ad
1298 784 1380 825 hoc
1402 784 1562 837 suscipi

108 867 195 895 non
217 860 402 907 oportet,
426 853 527 907 quia
547 853 583 894 si
606 867 729 895 secus
754 853 923 908 egerint
944 867 1030 894 non
1048 854 1172 895 decet
1189 867 1264 894 eos
1280 866 1360 907 pro
1380 854 1564 906 pecunia

106 922 176 963 vel
197 922 431 964 ratiociniis
453 922 778 976 comprehendi.
854 922 901 964 Si
926 936 1028 964 vero
1057 922 1239 964 citatum
1261 922 1560 963 vicecomitem
1586 936 1629 957 ιο·

107 992 261 1032 abesse
283 991 524 1045 contigerit,
547 1004 634 1031 non
660 990 913 1032 infirmitate
941 991 1132 1045 quidem,
1158 991 1234 1032 sed
1261 990 1456 1044 qualibet
1477 990 1563 1032 alia

106 1073 236 1100 causa
271 1060 558 1113 prepeditum,
594 1059 655 1099 sic
695 1059 876 1100 forsitan
912 1073 938 1099 a
976 1072 1089 1112 pena
1122 1060 1363 1101 constituta
1397 1060 1560 1112 poterit

105 1128 302 1176 liberari3
331 1142 481 1169 verum
509 1128 565 1169 ad
589 1126 857 1180 explendum
880 1135 1136 1181 compotum
1162 1142 1287 1169 suum
1315 1128 1458 1170 nullus
1478 1142 1560 1184 pro

106 1210 158 1238 eo
197 1197 454 1249 suscipietur
493 1209 572 1237 nec
603 1195 922 1249 primogenitus
956 1196 1069 1237 filius
1107 1210 1186 1238 nec
1222 1198 1431 1251 generalis
1468 1200 1560 1240 eius
1581 1215 1605 1245 Β

103 1272 370 1320 procurator,
397 1265 529 1306 etiam
559 1264 595 1305 si
626 1264 758 1307 breue
788 1278 913 1305 suum
947 1265 1157 1307 direxerit
1188 1279 1234 1307 se
1264 1272 1406 1307 ratum
1437 1266 1560 1307 habi·
1583 1284 1619 1315 ¹5

104 1342 250 1376 turum
271 1334 389 1387 quod
412 1334 485 1374 ille
506 1332 573 1374 vel
597 1332 668 1373 ille
684 1338 764 1386 ‘pro
786 1347 833 1374 se
856 1332 1015 1376 fecerit.
1077 1334 1223 1376 Solius
1239 1348 1342 1376 vero
1365 1336 1558 1377 mandati

103 1403 219 1456 regii,
241 1403 309 1444 vel
333 1403 464 1444 etiam
491 1402 751 1456 presidentis
776 1403 1047 1453 auctoritate,
1073 1404 1108 1444 si
1135 1418 1214 1445 rex
1239 1403 1394 1445 absens
1415 1403 1559 1454 fuerit,

103 1473 160 1514 ad
188 1478 443 1525 compotum
471 1484 598 1512 suum
621 1471 891 1525 explendum
919 1472 1054 1513 alium
1076 1472 1238 1527 poterit
1267 1473 1556 1522 substituere3

101 1540 135 1582 si
150 1546 297 1582 tamen
315 1539 433 1580 aliud
448 1553 474 1580 a
490 1539 669 1581 domino
687 1553 787 1594 rege
804 1541 1030 1594 negotium
1046 1541 1126 1582 sibi
1140 1546 1262 1595 gerat
1275 1541 1558 1595 assignatum,

101 1609 195 1663 ipse
219 1610 275 1650 ad
303 1608 565 1650 scaccarium
594 1609 637 1649 in
666 1609 843 1663 propria
867 1623 1052 1663 persona
1078 1616 1328 1664 presentem
1358 1611 1556 1652 nominet
1579 1627 1618 1649 20

100 1678 188 1732 qui,
223 1678 348 1719 iuxta
384 1678 502 1730 quod
539 1677 838 1732 supradictum
880 1684 957 1727 est,
993 1680 1132 1732 possit
1168 1685 1212 1719 et
1248 1678 1405 1721 debeat
1440 1680 1557 1720 vice-

100 1746 269 1789 comitis
309 1746 502 1788 absentis
543 1747 719 1800 negotia
758 1761 1000 1800 procurare.
1082 1748 1197 1789 Illud
1233 1754 1381 1789 autem
1422 1749 1556 1790 breue

101 1816 212 1869 regis
243 1814 312 1856 vel
345 1814 605 1868 presidentis
645 1815 715 1856 vel
747 1815 1011 1857 vicecomitis
1047 1817 1300 1858 excusantis
1333 1817 1375 1857 in
1414 1816 1556 1858 forulo

101 1883 342 1926 marescalli
364 1884 485 1925 cuius
506 1897 637 1938 supra
659 1884 938 1925 meminimus
959 1885 1001 1925 in
1023 1886 1324 1927 testimonium
1346 1885 1472 1927 huius
1495 1887 1553 1927 rei

99 1953 402 1995 reseruabitur.
477 1952 608 2006 Quod
631 1953 665 1993 si
691 1953 934 1994 vicecomes
960 1953 1067 1995 alias
1088 1955 1178 2007 regi
1200 1954 1468 1996 necessarius
1493 1957 1550 1996 ab
1575 1971 1613 2002 25

101 2024 196 2077 ipso
221 2029 401 2064 vocatus
428 2020 554 2062 fuerit
583 2028 709 2063 extra
738 2035 934 2076 regnum,
954 2023 1036 2073 vel,
1057 2029 1237 2077 accepta
1263 2023 1452 2073 licencia,
1474 2038 1552 2078 pro

98 2091 383 2133 familiaribus
418 2091 601 2144 negotiis
638 2091 760 2131 exire
795 2091 1067 2145 disposuerit,
1104 2093 1222 2145 prius
1257 2092 1552 2145 presidentem

98 2162 228 2202 adeat
264 2167 307 2201 et
337 2160 436 2201 viua
470 2173 576 2201 voce
609 2159 722 2201 vices
759 2173 859 2201 suas
892 2161 947 2201 ad
984 2161 1247 2202 scaccarium
1278 2162 1452 2215 deleget
1482 2164 1552 2204 cui

98 2230 283 2272 voluerit
314 2229 406 2270 viro
438 2228 685 2282 legittim03
717 2243 804 2282 quo
836 2228 962 2278 sacto,
984 2243 1083 2270 curn
1115 2230 1273 2271 absens
1303 2230 1439 2279 fuerit,
1473 2245 1550 2272 nec

98 2301 230 2341 breue
259 2299 429 2340 mittere
452 2311 531 2339 nec
557 2298 800 2339 absentiam
828 2311 950 2339 suam
978 2311 1186 2340 excusare
1205 2304 1395 2353 cogetur.
1457 2300 1551 2342 Ex·
1569 2316 1611 2345 ,πο

96 2374 278 2411 cusante
305 2382 408 2410 vero
436 2382 482 2410 se
509 2367 765 2409 vicecomite
792 2381 922 2409 causa
948 2367 1221 2419 infirmitatis,
1243 2383 1342 2410 cum
1367 2378 1548 2413 ventum

95 2438 224 2480 suerit
264 2438 319 2479 ad
361 2437 636 2479 scribendum
678 2436 769 2477 eius
815 2444 1069 2491 compotum
1118 2438 1161 2478 in
1205 2439 1349 2479 annali
1395 2439 1550 2491 rotulo,

96 2508 264 2549 dicetur
302 2506 587 2558 ‘Willelmus‚
623 2506 865 2548 vicecomes
906 2507 1148 2557 Londonie,
1186 2507 1406 2550 Robertus
1437 2508 1550 2551 filius

97 2575 188 2616 eius
209 2589 287 2628 pro
317 2588 381 2623 eo,
400 2575 542 2617 reddit
568 2580 823 2629 compotum
849 2576 904 2617 de
930 2575 1054 2617 firma
1079 2577 1132 2617 de
1156 2576 1412 2618 Londonia.'
1481 2578 1549 2619 At

95 2644 130 2685 si
156 2657 234 2698 per
260 2644 372 2697 regis
401 2644 655 2686 mandatum
685 2644 792 2686 alius
820 2644 901 2685 sibi
930 2644 1218 2696 substituitur,
1239 2644 1308 2686 vel
1333 2646 1424 2700 ipse
1449 2647 1548 2688 viua
1569 2658 1607 2690 35

144 2766 164 2802 3
189 2754 287 2800 meo]
305 2756 418 2791 modo
435 2757 470 2791 R
582 2767 624 2801 14
649 2755 733 2803 nec]
752 2756 822 2792 nisi
842 2757 889 2791 N
994 2758 1035 2792 18
1061 2758 1282 2803 explendum
1299 2757 1409 2794 aliurn
1426 2771 1495 2795 om.
1514 2762 1550 2795 R

99 2814 141 2849 19
159 2802 196 2848 a]
210 2803 246 2838 in
257 2804 303 2837 N
393 2813 438 2838 20
454 2803 502 2838 ad
520 2803 759 2849 scaccarium]
778 2804 962 2840 adiectum
974 2804 1020 2838 N
1110 2814 1150 2848 31
1167 2805 1333 2850 ventum]
1348 2818 1497 2843 necesse
1508 2808 1554 2842 N

96 2861 139 2896 33
157 2851 204 2887 de
222 2850 424 2886 Lundoniis
441 2851 518 2886 NR
612 2862 656 2897 34
684 2851 811 2887 reddet
827 2851 904 2886 NR
999 2859 1042 2896 35
1069 2850 1164 2897 ipse]
1183 2852 1262 2898 ipsa
1279 2853 1325 2897 N
