2022 3281
392 170 472 214 152
877 160 964 201 DE
998 157 1353 201 scAccARIO
1689 158 1746 213 [11
1769 173 1834 200 xx

389 274 583 324 consilio,
604 274 790 328 grauius,
811 274 885 326 qui
916 273 977 312 sic
1007 270 1200 323 deliquit,
1231 270 1445 323 puniatur.
1506 271 1637 324 Quod
1669 272 1704 314 si
1734 278 1835 325 post

389 350 736 385 consummatum
765 347 1018 394 compotum
1048 338 1315 380 vicecomitis
1350 338 1416 379 sui
1445 340 1611 381 venerit
1641 346 1684 381 et
1710 341 1836 381 satis-

389 411 551 459 fecerit,
574 412 629 452 de
649 410 932 451 assidentium
955 407 1095 461 gratia
1115 412 1159 448 et
1179 407 1235 446 de
1254 405 1363 459 legis
1384 407 1653 461 indulgentia
1675 409 1837 461 poterit

390 480 570 521 absolui.
630 479 793 520 Verum
830 490 1004 517 necesse
1036 482 1103 516 est
1135 482 1183 516 vt
1222 475 1463 516 vicecomes
1499 474 1630 516 fidem
1665 477 1757 517 eius
1791 477 1835 517 in

352 549 602 598 5comitatu
628 547 708 587 sub
739 546 937 587 omnium
971 543 1107 584 oculis
1142 542 1363 596 suscipiat,
1395 542 1509 595 quia,
1545 544 1580 583 si
1617 543 1726 585 forte
1762 546 1837 597 qui

389 617 570 663 dederit,
591 615 739 655 volens
768 612 1005 666 malignari,
1034 612 1183 652 datam
1213 611 1388 652 infitiari
1408 610 1605 660 voluerit,
1627 613 1836 654 aduersus

390 697 488 725 eum
509 684 565 724 ad
593 694 768 723 omnem
797 680 1064 734 probationis
1091 693 1309 721 summam
1336 679 1579 720 recordatio
1607 681 1837 722 comitatus

389 752 579 793 sufficiet
641 750 773 803 Quod
808 749 843 790 si
880 749 986 790 alias
1027 749 1110 790 sibi
1147 749 1297 789 datam
1332 748 1575 788 vicecomes
1615 748 1835 790 confessus

389 819 526 868 fuerit,
544 819 602 859 nil
624 818 763 871 egisse
779 818 1049 867 iudicabitur,
1064 819 1180 859 vnde
1203 830 1308 857 mox
1325 817 1381 857 de
1397 815 1521 856 firma
1537 828 1615 857 sua
1632 817 1836 870 requisita

331 905 370 928 10
389 902 560 929 summa
600 888 806 940 capietur,
838 892 887 927 vt
927 885 1256 927 summonitioni
1292 883 1476 926 satisfiat
1517 883 1561 924 in
1601 884 1683 925 hac
1716 892 1839 938 parte

361 1009 369 1017 ·
389 957 550 999 dicenti
570 960 579 976 ‘
596 955 664 997 vel
686 955 912 1010 capientur
932 956 987 996 de
1009 953 1132 995 firma
1153 951 1254 996 tua?

293 1019 372 1093 Χῖ
449 1026 498 1068 Si
519 1039 621 1067 vero
647 1025 722 1078 qui
743 1023 874 1065 fidem
895 1037 942 1065 se
970 1024 1142 1065 dedisse
1166 1036 1253 1063 non
1283 1023 1501 1073 diffitetur,
1523 1022 1594 1063 die
1619 1021 1840 1063 nominata

389 1096 554 1136 venerit
596 1107 674 1134 nec
721 1091 988 1141 satisfecerit,
1031 1093 1067 1133 si
1107 1091 1312 1133 dominus
1354 1097 1433 1142 est,
1472 1092 1528 1132 ad
1578 1091 1839 1132 scaccarium

389 1163 598 1218 quamdiu
620 1161 778 1202 sederit
802 1160 1076 1210 detinebitur,
1097 1160 1184 1202 fide
1216 1161 1320 1201 data
1348 1160 1391 1200 in
1422 1173 1554 1201 manu
1586 1160 1840 1207 marescalli,

331 1247 368 1278 15
390 1233 500 1274 sicut
535 1244 664 1284 supra
695 1230 901 1277 diximus,
936 1229 1053 1282 quod
1091 1242 1117 1269 a
1156 1229 1329 1282 leugata
1361 1228 1478 1278 ville,
1513 1229 1594 1269 nisi
1627 1229 1839 1270 baronum

390 1300 576 1350 licentia,
598 1312 685 1339 non
706 1298 892 1338 recedet.
953 1297 1110 1339 Soluto
1137 1310 1240 1337 vero
1271 1297 1486 1338 scaccario
1517 1296 1631 1337 illius
1655 1297 1839 1346 termini,

390 1369 425 1410 si
447 1369 640 1409 nondum
663 1366 917 1407 satisfecerit
938 1365 980 1406 in
999 1366 1094 1406 loco
1114 1371 1212 1407 tuto
1234 1365 1314 1406 sub
1332 1365 1465 1406 libera
1486 1365 1685 1407 custodia
1705 1365 1840 1407 collo-

390 1437 571 1485 cabitur,
597 1447 824 1489 quousque
853 1448 931 1475 rex
959 1434 1065 1488 ipse,
1086 1433 1121 1474 si
1152 1446 1328 1486 presens
1358 1433 1498 1483 fuerit,
1523 1432 1591 1475 vel
1617 1433 1839 1488 presidens

390 1518 486 1546 cum
517 1504 611 1544 aliis
641 1502 946 1554 assidentibus,
978 1502 1084 1555 quid
1115 1502 1170 1542 de
1199 1501 1293 1554 ipso
1325 1503 1545 1554 agendum
1582 1502 1721 1549 fuerit,
1761 1503 1836 1543 de-

331 1593 372 1616 20
391 1580 547 1620 cernat,
576 1572 663 1626 qui,
693 1571 826 1612 fidem
867 1585 914 1612 se
949 1571 1122 1612 dedisse
1162 1571 1218 1611 de
1257 1569 1562 1612 satisfaciendo
1601 1571 1835 1620 confessus,

391 1642 510 1683 nullo
532 1641 664 1682 modo
685 1639 906 1681 satisfecit.
967 1639 1100 1692 Quod
1123 1639 1158 1679 si
1187 1637 1308 1679 miles
1328 1638 1397 1680 vel
1427 1639 1537 1680 alius
1563 1640 1654 1680 eius
1676 1652 1837 1680 econo-

391 1723 488 1751 mus
514 1709 691 1757 venerit,
717 1721 793 1748 nec
819 1707 1085 1755 satisfecerit,
1111 1720 1188 1759 pro
1217 1706 1303 1747 fide
1331 1706 1418 1748 lesa
1448 1707 1837 1760 comprehendetur

390 1786 434 1820 et
466 1777 716 1819 marescallo
756 1776 1065 1818 custodiendus
1105 1775 1311 1826 tradetur,
1352 1782 1453 1828 post
1493 1776 1683 1817 solutum
1719 1789 1837 1816 scac-

391 1847 553 1888 carium
588 1845 705 1886 licite
739 1843 1023 1885 vinculandus
1063 1849 1106 1884 et
1144 1843 1187 1883 in
1223 1856 1436 1884 carcerem
1472 1844 1713 1885 mittendus
1746 1845 1838 1885 siue

332 1928 372 1960 25
393 1916 515 1957 miles
554 1914 681 1955 fuerit
718 1913 810 1954 siue
845 1926 946 1952 non.
1009 1912 1137 1952 Miles
1177 1925 1279 1953 vero
1315 1925 1444 1965 super
1483 1913 1633 1953 debito
1664 1913 1839 1966 proprio

390 1998 478 2025 non
500 1983 779 2034 satisfaciens,
801 1994 899 2021 cum
923 1987 1071 2021 tamen
1094 1980 1148 2020 de
1177 1978 1483 2021 satisfaciendo
1505 1979 1636 2021 fidem
1658 1981 1838 2032 dederit,

389 2060 489 2107 post
525 2051 716 2093 solutum
749 2050 1011 2092 scaccarium
1048 2062 1134 2089 non
1166 2049 1209 2088 in
1250 2061 1421 2089 carcere
1461 2055 1527 2090 set
1566 2049 1675 2091 infra
1714 2057 1841 2104 septa

391 2123 547 2162 domus
579 2119 807 2162 carceralis
837 2119 974 2160 libere
1008 2117 1290 2168 custodietur,
1315 2117 1403 2158 fide
1436 2118 1715 2170 corporaliter
1743 2133 1839 2173 pre·

391 2190 507 2240 stita,
524 2189 642 2242 quod
660 2188 761 2230 inde
778 2188 857 2228 nisi
871 2187 983 2240 regis
1003 2185 1072 2227 vel
1088 2186 1344 2240 presidentis
1362 2185 1533 2227 licentia
1550 2200 1636 2227 non
1656 2187 1839 2228 recedet.

331 2269 374 2300 30
393 2258 599 2299 Decreuit
626 2257 740 2298 enim
769 2256 1050 2297 memorande
1079 2255 1319 2296 nobilitatis
1344 2268 1421 2295 rex
1449 2255 1626 2296 illustris
1653 2262 1700 2296 vt
1725 2256 1840 2309 quis-

391 2327 488 2379 quis
528 2326 678 2367 militie
717 2325 932 2378 dignitate
974 2323 1191 2378 prefulget
1222 2336 1300 2376 pro
1340 2323 1490 2364 debito
1521 2323 1707 2376 proprio,
1739 2337 1838 2366 cum

391 2409 556 2449 pauper
572 2409 598 2436 a
618 2394 873 2435 vicecomite
889 2393 1079 2434 simulet
1094 2406 1120 2433 a
1140 2392 1297 2433 vicinia
1314 2398 1544 2445 reputetur,
1561 2391 1604 2431 in
1626 2405 1838 2433 carcerem

392 2477 478 2503 non
512 2464 732 2512 mittatur3
773 2469 839 2503 set
871 2475 1064 2503 seorsum
1109 2460 1220 2501 infra
1259 2466 1383 2512 septa
1422 2461 1580 2500 domus
1615 2460 1840 2502 carceralis

393 2532 524 2572 libere
545 2532 827 2572 custodiatur.
886 2531 1051 2571 Verum
1073 2529 1266 2583 quisquis
1288 2529 1494 2569 mandato
1516 2528 1685 2569 domini
1707 2528 1838 2570 fidem

332 2588 375 2653 ’Ἦ
395 2599 574 2648 dederit,
590 2600 700 2640 sicut
716 2599 961 2652 predictum
980 2604 1057 2647 est,
1073 2596 1317 2638 vicecomiti
1335 2603 1379 2638 et
1394 2596 1570 2637 veniens
1591 2611 1677 2638 non
1698 2597 1839 2647 soluit,

396 2668 509 2709 hunc
539 2667 847 2721 comprehendi
879 2674 922 2708 et
954 2667 997 2707 in
1029 2678 1253 2715 carcerem,
1285 2664 1427 2706 soluto
1457 2666 1684 2715 scaccario,
1714 2666 1838 2715 mitti,

444 2778 487 2802 10
511 2767 709 2803 satisfaciat
729 2769 776 2802 N
866 2777 906 2813 15
932 2768 1002 2803 vile
1021 2768 1066 2802 N
1189 2775 1229 2809 17
1256 2767 1452 2801 collocatur
1469 2768 1504 2802 R
1607 2777 1651 2802 22
1676 2777 1839 2813 compre-

392 2815 569 2851 henditur
584 2815 631 2848 N
720 2825 763 2859 23
781 2814 880 2860 post]
898 2815 1018 2861 primo
1034 2815 1081 2850 N
1170 2823 1214 2860 29
1239 2813 1310 2849 nisi
1327 2825 1396 2849 om.
1413 2814 1459 2848 N
