2022 3281
415 181 496 222 128
902 179 988 220 DE
1022 177 1382 220 SCACCARIO
1670 176 1727 236 [11
1748 179 1806 219 vii
1828 188 1859 218 A

412 294 603 335 audeant
623 293 692 334 vel
711 306 798 334 non
815 297 1091 345 attemptent,
1108 289 1182 343 qui
1202 290 1290 331 suis
1304 304 1350 331 se
1371 290 1558 333 consiliis
1572 291 1859 334 subiecerunt.

413 362 526 404 Cum
557 369 704 404 autem
733 375 760 402 a
795 361 919 414 regiis
959 359 1163 400 ministris
1198 358 1320 411 regni
1356 372 1510 411 pacem
1540 360 1861 402 excubantibus

412 444 510 472 reus
530 431 685 472 horum
706 430 896 471 famosus
917 427 1071 480 aliquis
1096 426 1492 480 comprehenditur,
1513 435 1690 482 propter
1711 442 1861 469 nume-

413 513 556 540 rosam
576 498 884 539 sceleratorum
906 495 1247 545 multitudinem,
1272 501 1320 536 vt
1339 494 1410 536 vel
1434 497 1495 536 sic
1516 497 1728 549 peruersis
1749 504 1862 539 terra

375 588 394 620 5
412 574 631 621 purgetur,
651 565 928 607 consentiunt
952 564 996 604 in
1017 563 1100 605 hoc
1125 563 1345 604 interdum
1373 563 1547 613 iudices,
1567 566 1687 618 quod
1707 565 1743 607 si
1765 566 1862 619 quis

411 635 659 677 huiusmodi
681 635 737 675 de
758 646 804 674 se
824 633 988 673 crimen
1010 630 1220 674 confitens
1240 632 1411 674 sceleris
1428 632 1621 674 eiusdem
1642 642 1863 676 consortes

413 716 650 757 prouocare
680 701 875 749 voluerit,
907 708 951 742 et
982 701 1204 742 obiectum
1235 700 1306 741 alii
1333 700 1401 742 vel
1431 701 1525 741 aliis
1554 701 1716 743 crimen
1744 716 1864 743 com-

414 772 546 813 misso
561 770 705 812 duello
727 770 912 824 probare
930 769 1126 818 valuerit,
1146 775 1333 810 mortem
1350 783 1483 823 quam
1502 771 1656 812 meruit
1674 770 1863 824 effugiat,

412 847 458 882 et
481 853 581 881 cum
604 839 865 892 impunitate
894 839 959 879 sui
991 838 1182 892 corporis
1213 839 1378 887 exiens,
1405 839 1529 893 regni
1557 844 1704 880 tamen
1727 840 1864 881 totius

355 928 395 950 10
413 909 687 950 demereatur
707 914 752 949 et
773 907 941 949 abiuret
964 907 1217 960 ingressum.
1275 907 1471 961 Quidam
1494 913 1657 958 autem,
1676 921 1863 950 conuen-

412 979 532 1019 tione
562 991 662 1018 cum
699 977 912 1018 iudicibus
942 976 1060 1031 prius
1091 975 1219 1027 facta,
1247 975 1347 1018 licet
1383 976 1554 1018 obiecta
1573 977 1865 1030 ‘probauerint

412 1060 499 1087 non
521 1054 670 1088 tamen
692 1046 906 1087 immunes
927 1046 1179 1095 abscedunt,
1195 1046 1272 1086 sed
1294 1045 1549 1099 effugientes
1568 1046 1865 1100 suspendium,

412 1116 482 1156 vel
506 1115 625 1156 aliud
647 1122 773 1168 turpe
795 1127 931 1167 genus
949 1115 1112 1166 mortis,
1127 1127 1259 1168 quam
1277 1114 1332 1155 de
1353 1127 1399 1155 se
1421 1114 1603 1156 confessi
1622 1114 1864 1164 meruerint,

414 1184 686 1227 mutilatione
726 1191 875 1225 tamen
906 1183 1202 1224 membrorum
1237 1183 1378 1236 puniti
1411 1182 1656 1224 miserabile
1695 1190 1863 1237 specta-

348 1269 394 1302 ⁴15
413 1253 558 1294 culum
599 1251 710 1293 fiunt
749 1252 793 1293 in
834 1252 997 1305 populo
1033 1258 1077 1293 et
1113 1252 1362 1293 temerarios
1406 1265 1534 1293 ausus
1569 1252 1863 1293 consimilium

369 1327 396 1358 B
413 1321 679 1363 terribilibus
700 1327 984 1374 compescunt
1004 1320 1230 1373 exemplis.
1291 1320 1511 1374 Quoniam
1530 1320 1672 1373 igitur,
1688 1320 1863 1362 obiecto

414 1397 459 1431 et
475 1390 663 1443 probato
684 1389 875 1431 criminis
896 1390 1090 1430 eiusdem
1113 1395 1247 1438 reatu,
1259 1389 1396 1430 vitam
1413 1388 1494 1429 sibi
1515 1389 1686 1430 saluare
1707 1396 1862 1442 potest,

413 1465 458 1499 et
479 1459 582 1500 item
606 1459 709 1511 quia
729 1458 784 1499 ad
806 1458 918 1510 regis
934 1458 1166 1499 vtilitatem
1190 1457 1340 1511 procul
1358 1457 1493 1499 dubio
1515 1456 1563 1498 fit
1583 1457 1790 1511 quicquid
1806 1458 1863 1498 ad

414 1528 535 1580 regni
553 1541 703 1580 pacem
725 1527 898 1568 videtur
910 1527 1128 1575 accedere,
1145 1527 1259 1581 regis
1281 1526 1491 1580 probator
1511 1526 1682 1567 dicitur.
1723 1526 1770 1567 A
1790 1527 1862 1567 die

356 1616 397 1639 20
412 1610 515 1637 vero
548 1609 634 1650 qua
665 1596 722 1637 ad
759 1595 1065 1648 probationem
1106 1596 1338 1649 suscipitur
1372 1608 1508 1648 vsque
1544 1596 1600 1637 ad
1636 1594 1861 1649 expletum

413 1665 690 1718 promissum,
720 1663 790 1705 vel
821 1677 958 1717 vsque
985 1677 1072 1718 quo
1103 1662 1321 1716 defecerit,
1351 1664 1408 1704 ad
1438 1663 1642 1705 victualia
1673 1666 1728 1705 de
1760 1663 1863 1705 fisco

413 1732 595 1786 percipit
634 1745 807 1786 quaque
843 1733 913 1773 die
948 1733 1174 1774 denarium
1211 1745 1356 1782 vnum,
1393 1732 1468 1785 qui
1503 1732 1746 1774 vicecomiti
1787 1746 1863 1786 per

412 1801 551 1842 solam
579 1801 939 1843 consuetudinem
968 1801 1172 1842 scaccarii
1198 1806 1492 1855 computatur.
1553 1800 1685 1854 Quod
1707 1802 1742 1842 si
1765 1814 1863 1855 pro-

412 1870 540 1911 bator
561 1869 632 1910 ille
657 1870 794 1910 iussus
819 1869 945 1911 fuerit
973 1871 1028 1910 ad
1055 1870 1140 1911 alia
1162 1869 1257 1911 loca
1281 1868 1514 1918 transferri,
1535 1876 1583 1910 vt
1604 1870 1864 1910 conuenien-

354 1957 394 1989 25
413 1938 528 1979 tibus
545 1938 631 1979 illic
649 1938 875 1988 iudicibus,
891 1938 1181 1992 opportunius
1195 1938 1458 1992 promissum
1473 1937 1651 1991 expleat
1666 1937 1733 1979 vel
1755 1937 1865 1979 forte

412 2006 617 2048 deficiens
665 2006 876 2048 scelerum
918 2021 1095 2048 suorum
1135 2020 1295 2060 penam
1345 2006 1610 2060 condignam
1660 2006 1864 2060 excipiat,

411 2075 552 2116 solum
574 2076 618 2116 id
645 2076 764 2129 quod
791 2075 834 2116 in
861 2075 1069 2117 vehiculis
1093 2075 1193 2117 illuc
1222 2075 1513 2117 conducendis
1537 2080 1581 2116 et
1604 2074 1865 2117 victualibus

412 2144 473 2185 illi
496 2144 791 2185 ministrandis
813 2158 890 2198 per
911 2144 1136 2185 denarium
1159 2143 1363 2185 diurnum
1381 2143 1605 2192 inuenerit,
1620 2144 1865 2186 vicecomiti

413 2213 742 2266 computabitur
761 2227 839 2268 per
860 2214 1220 2254 consuetudinem
1240 2227 1249 2264 ;
1281 2218 1425 2253 cetera
1444 2225 1547 2253 vero
1568 2226 1667 2263 non,
1688 2213 1767 2254 nisi
1788 2227 1865 2267 per

354 2300 395 2332 30
414 2282 546 2323 breue
590 2282 714 2336 regis.
796 2281 911 2324 Sunt
955 2288 1152 2336 preterea
1192 2281 1235 2322 in
1282 2269 1554 2334 quibusdam*
1585 2281 1865 2324 comitatibus

412 2350 555 2403 plures
594 2351 679 2404 qui,
720 2351 888 2392 ratione
927 2350 1162 2392 fundorum
1202 2362 1394 2398 suorum,
1435 2350 1478 2390 in
1519 2350 1864 2403 condempnatos

411 2418 586 2460 vltrices
608 2433 762 2461 manus
783 2420 965 2461 mittunt
981 2426 1028 2461 vt
1048 2419 1156 2461 alios
1176 2418 1422 2472 suspendio,
1437 2417 1545 2459 alios
1567 2419 1863 2460 membrorum

412 2487 754 2539 detruncatione,
775 2487 846 2530 vel
866 2488 962 2529 aliis
983 2488 1137 2538 modis,
1159 2487 1286 2528 iuxta
1310 2486 1601 2540 quantitatem
1627 2488 1864 2540 perpetrati

413 2555 585 2597 sceleris
606 2557 801 2611 puniant.
862 2557 977 2599 Sunt
1004 2557 1136 2598 etiam
1164 2556 1342 2610 quidam
1369 2555 1602 2597 comitatus
1630 2555 1674 2596 in
1701 2556 1860 2609 quibus

461 2696 483 2728 4
508 2685 575 2730 sic]
593 2686 623 2722 si
640 2688 675 2722 R
804 2696 822 2733 5
851 2687 903 2733 in]
921 2695 957 2723 et
974 2689 1010 2722 R
1131 2695 1151 2731 7
1177 2685 1254 2731 alii]
1272 2685 1380 2721 alicui
1398 2686 1429 2721 C
1551 2694 1591 2731 15
1618 2686 1863 2722 consimilium

414 2743 524 2767 ausus
540 2734 570 2767 C
643 2734 684 2769 16
702 2734 904 2779 Quoniam]
921 2735 1031 2780 Quod
1044 2735 1088 2768 N
1151 2742 1191 2778 17
1209 2733 1375 2769 eiusdem
1389 2732 1552 2768 criminis
1563 2734 1610 2767 N
1683 2743 1725 2778 19
1742 2733 1863 2778 regni]

414 2790 562 2823 regnem
579 2780 626 2813 N
714 2791 758 2824 24
776 2780 910 2826 iussus]
930 2782 1065 2816 missus
1082 2782 1117 2816 R
1229 2788 1271 2824 25
1290 2779 1363 2824 vel]
1382 2787 1420 2815 vt
1439 2780 1470 2816 C
1563 2789 1606 2823 27
1625 2780 1724 2824 illuc]
1744 2780 1818 2815 illic
1838 2781 1870 2815 C

414 2826 458 2860 28
484 2837 549 2871 per
565 2826 756 2862 denarium
773 2828 945 2864 diurnum
963 2840 1030 2865 om.
1049 2829 1097 2863 N
1183 2826 1323 2863 inuenit
1339 2828 1374 2862 R
1524 2836 1570 2871 34
1586 2826 1714 2873 etiam]
1732 2833 1770 2863 et
1788 2827 1820 2863 C
