2022 3281
83 165 102 199 1
122 171 149 199 v
171 157 216 212 p]
571 157 658 199 DE
691 156 1051 201 SCACCAmo
1488 170 1538 212 77

84 271 183 312 libri
210 271 349 325 aperti
381 277 506 312 erunt
539 278 582 313 et
614 271 745 313 ianua
775 272 937 314 clausa.
1000 271 1079 314 Set
1116 272 1171 314 de
1201 271 1284 312 hiis
1316 271 1538 315 hactenus.

84 340 215 381 Nunc
244 353 560 394 prosequamur
587 340 644 381 de
672 340 830 381 officiis.
893 340 998 381 Post
1026 340 1143 381 hunc
1164 340 1239 393 qui
1269 338 1444 382 calculis
1473 341 1535 381 in·
1556 346 1586 377 O

83 407 216 449 seruit
247 408 411 460 primus
443 408 603 450 residet
634 422 691 450 ex
735 408 879 450 officio
919 408 1098 450 clericus
1138 409 1212 462 qui
1245 416 1389 462 preest
1424 411 1537 463 regis

82 476 320 530 scriptorio.
371 476 448 518 Ad
470 477 585 518 hunc
607 478 795 532 pertinet
816 478 1046 532 scriptores
1068 478 1249 519 idoneos
1271 480 1327 520 ad
1348 479 1538 519 rotulum

83 545 341 587 cancellarie
362 552 406 587 et
428 547 483 587 ad
506 546 656 588 breuia
678 547 789 600 regis
811 560 896 600 que
918 547 960 587 in
981 547 1196 588 scaccario
1212 546 1335 597 fiunt,
1352 561 1431 588 nec
1453 562 1538 588 non
1560 568 1576 598 5

82 620 126 655 et
157 614 519 656 summonitiones
551 615 883 656 conscribendas
915 615 1117 665 inuenire,
1139 622 1183 657 et
1212 622 1260 656 vt
1290 615 1401 656 bene
1433 615 1538 657 fiant

80 682 352 735 prospicere3
394 695 480 735 que
520 683 698 736 quidem
741 682 892 731 officia,
926 683 1026 725 licet
1057 684 1206 737 paucis
1238 684 1539 738 exprimantur

80 751 234 801 verbis,
257 750 436 792 infinitis
457 757 605 793 tamen
631 752 708 792 vix
730 752 898 804 expleri
928 759 1113 805 possunt
1139 752 1387 803 laboribus;
1419 754 1538 806 quod

81 826 242 861 norunt
261 819 322 860 hii
352 820 424 873 qui
454 819 534 860 hec
562 820 656 873 ipsa
682 833 825 860 rerum
854 820 1122 872 experientia
1149 821 1405 862 didicerunt.
1467 821 1539 863 Sic

79 887 216 930 habes
237 887 380 929 officia
402 888 710 941 dispositorum
733 887 776 927 in
798 888 989 929 secundo
1010 889 1146 930 sedili.
1561 909 1600 930 10

137 955 398 1010 Discipulus.
462 956 510 998 Si
541 956 652 997 bene
683 956 862 996 memini
893 956 1059 1010 primus
1093 958 1148 998 ad
1183 957 1412 999 dexteram
1443 972 1538 1012 pre-

81 1025 260 1066 sidentis
299 1026 457 1066 residet
490 1024 804 1066 Wintoniensis
838 1025 1079 1078 episcopuS,
1117 1026 1236 1067 cuius
1270 1027 1459 1068 officium
1496 1028 1539 1068 in

80 1094 297 1135 scaccario
327 1093 485 1135 vellem
524 1093 722 1146 protinus
755 1093 965 1146 expediri.
1026 1093 1214 1147 Magnus
1248 1096 1362 1136 enim
1396 1103 1462 1137 est
1495 1105 1538 1137 et

81 1162 161 1203 nisi
185 1162 353 1215 magnis
375 1161 577 1216 occupari
601 1175 686 1202 non
709 1162 856 1202 debet.

137 1231 364 1284 flffagz'sler.
427 1230 617 1284 Magnus
649 1236 714 1270 est
745 1229 894 1283 procul
919 1230 1053 1272 dubio
1079 1236 1123 1271 et
1149 1232 1318 1285 magnis
1346 1232 1538 1274 intentus
1560 1253 1598 1284 15

80 1300 123 1340 in
179 1299 315 1340 multa
367 1299 623 1340 distrahitur
670 1299 782 1340 sicut
829 1299 873 1339 in
920 1298 1193 1340 Tricolumni
1252 1300 1423 1354 plenius
1474 1308 1539 1344 est

79 1375 313 1410 ostensum.
377 1368 462 1409 Hic
491 1374 593 1408 ante
624 1374 825 1421 tempora
856 1368 1144 1421 promotionis
1175 1369 1283 1410 dum
1313 1371 1446 1423 paulo
1477 1371 1538 1411 in-

77 1437 204 1479 ferior
240 1438 283 1478 in
316 1437 429 1490 regis
466 1437 582 1478 curia
619 1437 838 1487 militaret,
872 1438 990 1478 visus
1028 1444 1093 1479 est
1127 1437 1215 1479 fide
1250 1444 1294 1479 et
1327 1439 1539 1481 industria
1560 1452 1584 1482 Ρ

77 1506 203 1559 regiis
233 1506 420 1560 negotiis
451 1506 716 1547 necessarius
747 1513 791 1547 et
823 1507 866 1547 in
899 1508 1302 1561 computationibus
1334 1515 1467 1562 atque
1497 1509 1539 1549 in

77 1575 316 1616 rotulorum
354 1581 398 1616 et
433 1575 631 1616 breuium
665 1575 889 1628 scripturis
924 1576 1029 1617 satis
1062 1576 1203 1617 alacer
1233 1583 1277 1617 et
1307 1576 1538 1618 officiosus.
1562 1600 1600 1622 κο

76 1643 204 1685 Vnde
241 1644 368 1685 datus
404 1650 470 1685 est
505 1644 545 1684 ei
581 1643 702 1686 locus
742 1645 798 1685 ad
841 1644 952 1686 latus
993 1644 1258 1693 thesaurarii,
1290 1651 1337 1686 vt
1376 1645 1539 1688 scilicet

77 1713 289 1766 scripture
323 1713 564 1754 rotulorum
600 1719 644 1754 et
677 1713 758 1753 hiis
795 1714 995 1753 omnibus
1029 1726 1128 1754 cum
1158 1714 1254 1767 ipso
1286 1715 1539 1755 intenderet.

77 1781 391 1823 Thesaurarius
419 1781 596 1834 quidem
626 1787 694 1822 tot
721 1787 766 1822 et
795 1782 928 1822 tantis
957 1782 1069 1822 curis
1100 1789 1143 1822 et
1174 1782 1538 1824 sollicitudinibus

78 1862 156 1902 per
200 1849 349 1890 omnia
393 1849 649 1891 distrahitur
688 1856 736 1891 vt
776 1849 841 1891 sas
881 1850 937 1890 sit
982 1851 1200 1891 interdum
1248 1857 1372 1892 tanto
1418 1852 1538 1904 operi

78 1918 310 1970 subrepere
350 1931 596 1970 sompnum.
663 1918 714 1958 In
756 1918 960 1958 humanis
1001 1918 1135 1959 etiam
1177 1919 1422 1960 actionibus
1462 1920 1538 1960 vix
1561 1942 1597 1972 25

78 1985 240 2039 aliquid
271 1992 337 2027 est
367 1999 678 2040 vsquequaque
709 1987 962 2039 perfectum.

136 2054 390 2108 Dz'scz’pulus.
454 2054 571 2108 Quid
599 2062 664 2096 est
692 2055 810 2108 quod
840 2054 979 2095 dicis?
1040 2054 1135 2096 Nec
1163 2055 1278 2096 enim
1309 2056 1408 2097 noui
1434 2057 1538 2109 quid

78 2124 134 2165 sit
158 2123 461 2165 Tricolumnis.

135 2192 367 2245 llIagz'ster.
428 2191 622 2232 Libellus
658 2191 833 2245 quidam
867 2197 932 2232 est
963 2205 988 2232 a
1019 2192 1146 2233 nobis
1176 2199 1397 2246 vtcunque
1428 2200 1538 2234 tem-

78 2275 186 2316 pore
227 2261 463 2302 iuuentutis
499 2261 641 2301 editus
673 2261 726 2301 de
756 2261 977 2313 tripartita
1013 2261 1133 2314 regni
1164 2260 1327 2314 Anglie
1357 2261 1538 2303 historia
1559 2283 1598 2312 30

78 2330 160 2372 sub
187 2329 341 2371 illustri
367 2329 618 2382 Anglorurn
647 2343 749 2383 rege
773 2329 968 2370 Henrico
990 2330 1197 2370 secundo.
1260 2329 1417 2383 Quem,
1439 2332 1537 2384 quia

77 2412 155 2452 per
195 2405 283 2440 tres
323 2398 580 2451 columpnas
621 2411 697 2452 per
740 2398 990 2438 vniuersum
1033 2398 1302 2451 digessimus,
1343 2399 1537 2440 diximus

77 2467 423 2509 Tricolumnum.
506 2467 557 2507 In
593 2467 734 2520 prima
766 2466 943 2519 quidem
982 2466 1038 2507 de
1075 2466 1253 2508 ecclesie
1288 2467 1537 2522 Anglicane

78 2536 263 2589 negotiis
284 2536 480 2590 plurimis
502 2542 546 2576 et
567 2537 622 2576 de
647 2535 863 2575 nonnullis
889 2534 1106 2588 rescriptis
1127 2535 1242 2576 sedis
1263 2535 1535 2589 Apostolice.

127 2661 149 2694 4
166 2651 238 2685 huc
256 2651 303 2685 N
345 2659 363 2694 7
383 2649 519 2695 officia]
538 2650 653 2686 offera
669 2651 704 2685 R
787 2660 827 2685 12
847 2650 948 2685 cuius
967 2662 1037 2686 om.
1053 2651 1090 2684 R
1174 2660 1215 2694 14
1241 2651 1351 2686 debet
1372 2652 1403 2686 C
1417 2663 1509 2687 corr.
1525 2665 1533 2687 ε

79 2698 215 2733 debent
237 2698 267 2732 C
387 2706 426 2742 15
454 2705 508 2732 est
527 2709 594 2732 om.
614 2699 649 2732 R
787 2706 827 2740 17
854 2697 1036 2732 offensum
1054 2698 1090 2731 R
1229 2697 1332 2743 ante]
1352 2706 1478 2734 autem
1495 2701 1540 2733 N

79 2744 346 2790 procurationis
363 2745 405 2780 N
468 2754 514 2778 20
530 2745 625 2779 alloc
643 2745 691 2779 N
744 2754 788 2787 24
806 2756 916 2790 opere
939 2745 969 2779 C
1025 2753 1067 2789 25
1086 2742 1214 2790 etiam]
1233 2753 1357 2780 autem
1375 2747 1422 2780 N
1490 2756 1534 2790 29

79 2791 229 2872 qumi?
245 2792 281 2826 R
369 2799 537 2837 tempore
554 2803 623 2827 om.
644 2792 676 2828 C
776 2801 817 2836 31
848 2789 986 2836 Quem]
1006 2791 1088 2836 Que
1109 2792 1139 2826 C
1239 2802 1282 2837 33
1304 2793 1534 2839 Tricolump·

78 2850 155 2874 nim
