2022 3281
135 180 173 212 11
196 171 258 212 xii
280 167 330 227 c]
627 171 713 212 DE
747 169 1108 214 SCACCARIO
1517 181 1589 228 143

135 298 238 339 ergo
269 290 442 338 spectat
472 291 703 340 compotus
739 287 1037 329 communium
1070 287 1127 328 ad
1156 300 1288 341 quem
1319 285 1462 328 solum
1495 301 1591 340 per-

133 355 242 396 tinet
277 354 475 395 cohercio
511 355 780 408 singulorum
800 369 809 406 ;
849 363 903 406 et,
934 357 1008 410 qui
1044 357 1288 397 vicecomes
1325 355 1450 397 fuerit
1487 357 1592 397 dum

133 428 366 475 compotus
391 422 451 472 fit,
482 423 551 464 vel
567 425 739 477 quietus
759 424 828 465 vel
849 425 891 466 in
914 425 1063 466 debito
1078 424 1160 466 hac
1178 424 1347 466 ratione
1368 424 1591 465 scribetur.

189 490 448 543 Dz'scipulus.
508 492 659 533 Teneo
682 494 932 534 memoriter
952 494 1056 547 quid
1079 493 1168 534 fieri
1191 494 1352 535 debeat
1373 507 1472 535 cum
1494 495 1591 547 quis

132 572 263 612 super
283 559 432 613 aliquo
461 561 611 602 debito
632 563 926 603 summonitus
957 564 1087 604 breue
1109 562 1220 616 regis
1246 562 1449 603 detulerit
1472 564 1590 615 quod
1612 578 1629 610 5

131 643 361 670 numerum
384 630 459 682 qui
481 631 713 683 requiritur
738 632 972 685 exprimat.
1055 632 1188 686 Quod
1217 632 1254 672 si
1282 633 1396 686 regis
1424 638 1590 673 cartam

131 700 187 741 de
209 699 452 753 quietantia
474 713 615 741 rerum
638 701 833 742 eiusdem
854 701 1025 755 generis
1046 703 1102 742 ad
1124 701 1389 742 scaccarium
1413 702 1590 752 deferat,

130 774 178 809 vt
219 768 279 809 sic
310 768 478 809 dicatur
510 768 652 811 ‘Volo
683 770 814 824 igitur
844 777 891 811 vt
921 770 1002 811 hec
1033 771 1178 811 omnia
1210 776 1356 811 teneat
1389 770 1520 811 libere
1548 777 1592 812 et

131 836 278 889 quiete
300 836 355 876 de
379 836 548 889 placitis
579 844 622 879 et
648 839 835 879 murdris
863 845 907 880 et
935 838 1017 879 hiis
1050 845 1093 879 et
1120 836 1226 888 hiis,'
1251 846 1295 880 et
1323 839 1589 889 huiusmodi,

131 905 342 958 numquid
365 905 407 945 in
428 906 632 958 perdonis
655 906 770 947 erit?
1614 922 1652 944 10

188 975 423 1028 llffagz'ster.
485 975 582 1016 Erit
613 989 658 1016 re
688 989 819 1025 vera;
845 976 922 1016 sed
955 990 1042 1017 non
1074 977 1241 1018 dicetur
1273 979 1282 996 ‘
1302 977 1353 1017 In
1384 977 1590 1031 perdonis

131 1057 212 1098 per
238 1050 402 1085 cartam
431 1043 567 1097 regis'
599 1042 669 1085 vel
697 1046 800 1097 ‘per
831 1044 1076 1086 libertatem
1108 1052 1224 1087 carte
1249 1046 1332 1086 hoc
1363 1045 1432 1086 vel
1457 1046 1589 1095 illud,'

130 1113 266 1155 immo
289 1116 298 1133 ‘
315 1127 392 1167 per
413 1112 544 1154 breue
566 1111 705 1167 regis.’
765 1113 896 1166 Quod
924 1115 960 1154 si
983 1120 1101 1155 carta
1127 1115 1306 1168 quidem
1335 1128 1422 1156 non
1450 1116 1589 1168 speci-

129 1180 265 1222 ficans
299 1182 361 1222 sic
393 1182 614 1222 contineat
647 1181 810 1222 ‘libere
846 1188 890 1223 et
931 1183 1077 1235 quiete
1111 1183 1168 1224 ab
1203 1183 1322 1224 omni
1358 1185 1589 1225 exactione

129 1256 173 1292 et
201 1249 382 1291 seculari
408 1250 585 1291 seruitio
614 1250 812 1303 predicta
839 1249 1088 1304 possideat,’
1113 1265 1202 1292 non
1232 1258 1382 1293 tamen
1409 1253 1465 1293 ab
1493 1253 1588 1306 hiis,
1611 1269 1649 1302 15

129 1332 214 1372 que
239 1319 524 1372 requiruntur,
553 1333 631 1372 per
654 1319 739 1360 hoc
767 1319 940 1372 quietus
966 1320 1057 1368 erit,
1083 1319 1152 1361 vel
1181 1320 1224 1360 in
1254 1321 1458 1374 perdonis
1487 1323 1588 1363 scri-

117 1386 281 1436 ‘betur3
313 1386 466 1428 nolunt
496 1387 612 1428 enirn
641 1388 714 1441 qui
743 1388 948 1437 assident,
979 1388 1155 1442 speciali
1180 1389 1330 1431 debito
1356 1403 1433 1444 per
1457 1403 1589 1444 gene·
1608 1395 1636 1426 C

128 1455 262 1496 ralem
284 1456 605 1498 absolutionem
628 1457 842 1510 derogari.

183 1524 446 1577 Discipulus.
509 1525 758 1567 Perniciosa
783 1526 888 1567 satis
911 1532 976 1568 est
998 1527 1080 1568 ista
1101 1526 1317 1569 subtilitas
1335 1540 1345 1578 ;
1376 1527 1450 1581 qui
1472 1529 1586 1570 enim

127 1608 153 1635 a
174 1595 404 1649 generibus
431 1594 700 1648 singulorum
723 1595 833 1637 liber
858 1602 937 1647 est,
958 1597 1091 1637 etiarn
1117 1610 1143 1637 a
1171 1596 1352 1650 singulis
1380 1611 1588 1652 generum
1608 1613 1650 1636 20

127 1670 321 1705 meretur
341 1663 524 1705 absolui.

184 1733 419 1786 Magister.
479 1733 645 1775 Verum
667 1740 735 1775 est
756 1734 875 1787 quod
896 1734 1004 1776 dieis
1032 1747 1174 1788 neque
1194 1748 1273 1776 nos
1295 1736 1587 1777 dissentimus.

130 1801 210 1843 Set
240 1808 389 1843 tamen
421 1802 527 1855 quid
559 1802 636 1843 fiat
667 1803 866 1853 dicimus,
891 1816 980 1844 non
1011 1803 1118 1856 quid
1149 1804 1260 1845 forte
1291 1803 1382 1845 fieri
1414 1804 1586 1845 debeat.

129 1870 272 1925 Igitur
307 1884 406 1911 cum
442 1871 498 1911 de
537 1871 740 1912 omnibus
781 1871 864 1913 hiis
906 1885 992 1924 que
1034 1873 1076 1912 in
1114 1874 1450 1914 summonitione
1486 1887 1586 1914 con-

126 1939 319 1980 tinentur
359 1938 428 1979 vel
476 1951 553 1992 per
599 1945 871 1980 numeratam
922 1941 1165 1992 pecuniam,
1207 1941 1277 1983 vel
1323 1956 1400 1995 per
1439 1943 1587 1983 breuia
1607 1956 1647 1989 25

127 2007 254 2060 regis,
297 2006 570 2048 satisfactum
615 2006 754 2054 suerit,
800 2007 881 2048 hac
928 2007 1023 2060 lege
1072 2009 1283 2063 scripture
1323 2024 1409 2064 que
1455 2024 1586 2064 supra

126 2077 245 2118 dicta
279 2082 344 2117 est
377 2089 550 2129 semper
579 2077 791 2117 vtendum
825 2083 902 2117 est.
963 2077 1128 2118 Verum
1160 2091 1259 2120 cum
1293 2093 1378 2120 non
1409 2079 1586 2122 soluerit

126 2146 282 2200 aliquis
324 2146 586 2194 vniuersum,
632 2140 754 2198 quod
792 2146 848 2186 ab
889 2146 984 2199 ipso
1026 2147 1268 2200 requiritur,
1308 2156 1376 2189 set
1415 2156 1585 2202 partem

128 2220 220 2261 eius
247 2217 315 2260 vel
347 2218 460 2258 forte
490 2215 610 2264 nihil,
643 2229 774 2257 causa
804 2218 954 2258 statim
986 2231 1011 2258 a
1041 2218 1298 2260 vicecomite
1329 2219 1587 2272 requirenda

127 2294 207 2340 est,
249 2299 325 2328 cur
374 2287 410 2327 is
461 2285 672 2326 soluendo
713 2298 800 2326 non
850 2285 990 2326 fuerit.
1056 2285 1189 2339 Quod
1234 2287 1269 2328 si
1314 2288 1586 2340 responderit
1605 2297 1648 2329 30

126 2356 369 2397 vicecomes
407 2354 602 2407 quesisse
638 2367 684 2394 se
724 2353 956 2407 diligenter
991 2355 1083 2395 eius
1116 2356 1170 2396 de
1203 2369 1291 2409 quo
1327 2357 1471 2409 agitur
1505 2370 1586 2398 nec

127 2424 285 2467 catalla
320 2424 513 2464 inuenire
545 2423 751 2476 potuisse,
786 2422 940 2463 inferet
975 2423 1281 2473 thesaurarius,
1311 2425 1458 2466 ‘Caue
1493 2426 1586 2478 tibi,

127 2508 231 2535 nam
263 2493 390 2534 huius
421 2493 481 2534 rei
513 2491 658 2541 fidem,
680 2492 845 2532 scilicet
876 2493 1071 2545 quesisse
1103 2499 1148 2534 te
1179 2506 1258 2534 nec
1290 2493 1482 2535 inuenire
1509 2509 1586 2548 po-

127 2563 263 2603 tuisse
295 2575 372 2615 per
399 2562 518 2615 quod
551 2560 749 2602 satisfieri
781 2568 942 2614 posset,
969 2560 1054 2601 fide
1087 2561 1367 2615 corporaliter
1402 2564 1585 2617 prestita

128 2629 435 2671 confirmabis’
473 2644 561 2683 quo
603 2630 896 2683 respondente
928 2630 1104 2670 ‘Presto
1139 2628 1261 2671 sum'
1299 2631 1343 2672 in
1383 2646 1582 2674 consum·
1604 2642 1644 2675 35

130 2705 300 2740 matum
328 2706 583 2753 compotum
608 2698 708 2740 fidei
730 2698 947 2752 susceptio
969 2698 1191 2739 differetur
1210 2705 1258 2740 vt
1278 2713 1408 2754 super
1436 2702 1584 2744 multis

177 2811 197 2835 2
217 2798 295 2845 qui]
315 2799 402 2845 quia
420 2800 451 2835 C
527 2809 547 2844 3
566 2801 656 2844 post
671 2798 815 2845 quietus
833 2799 914 2833 add.
936 2805 991 2834 est
1012 2799 1043 2834 C
1115 2809 1154 2836 11
1182 2799 1263 2845 sed]
1283 2800 1312 2836 si
1336 2802 1366 2837 C
1437 2804 1479 2838 16
1497 2803 1583 2850 que]

129 2847 191 2894 qui
208 2848 256 2883 N
345 2856 390 2881 20
414 2846 542 2892 etiam]
562 2853 597 2882 et
615 2847 692 2882 NR
787 2854 830 2889 27
857 2845 956 2892 cum]
975 2846 1074 2882 enim
1095 2847 1126 2884 C
1233 2857 1277 2893 34
1303 2848 1373 2885 sati
1391 2850 1468 2887 fieri
1484 2852 1521 2887 R
