2022 3281
414 169 469 219 64
899 169 986 210 DE
1017 167 1378 211 SCACCARIO
1697 167 1735 226 [1
1758 168 1801 210 iii
1827 178 1860 210 D

411 284 639 337 pecuniam
660 274 869 325 numeret.
932 281 1064 336 Quod
1093 281 1128 321 si
1156 280 1259 333 quid
1288 280 1468 322 defuerit
1495 281 1643 323 redeat
1664 282 1719 323 ad
1742 295 1860 324 scac-

410 354 574 394 carium
606 354 641 393 is
672 353 746 406 qui
776 351 966 406 suscepit
997 356 1039 391 et
1070 348 1169 389 fidei
1197 348 1449 402 religionem
1477 356 1642 403 prestet
1669 351 1750 392 sub
1779 351 1860 393 hac

411 420 552 462 forma
590 422 708 474 quod
749 427 960 474 quantam
1005 417 1195 470 suscepit
1235 418 1489 470 reportauit‚
1530 433 1616 460 non
1657 419 1860 473 apposito

409 492 647 532 secundum
679 489 988 531 conscientiam
1020 499 1144 527 suam
1177 492 1225 527 vt
1257 484 1306 526 fit
1341 486 1384 526 in
1413 486 1517 535 aliis,
1547 494 1589 528 et
1622 488 1705 528 hoc
1743 487 1859 529 sacto

372 571 391 604 5
409 558 602 599 soluatur
623 558 662 598 ei
683 557 800 610 quod
823 562 969 616 restat,
990 560 1216 596 numerata
1237 554 1355 607 prius
1375 556 1531 596 eadem
1552 568 1698 597 coram
1720 556 1859 598 omni-

409 626 491 667 bus
519 641 545 668 a
575 626 816 668 constitutis
847 623 1238 677 computatoribus.
1299 623 1347 665 Si
1378 637 1492 672 ver0,
1522 623 1617 678 lege
1648 624 1728 665 sibi
1759 639 1859 679 pro-

407 695 564 749 posita,
593 694 786 736 hostium
821 692 1011 734 thesauri
1043 705 1240 746 egressus
1275 691 1401 733 fuerit
1442 705 1700 745 quecunque
1732 692 1859 734 suerit

407 775 592 815 persona
623 762 691 802 vel
731 767 1083 815 quantacumque
1123 761 1288 802 iactura
1327 773 1414 800 non
1450 759 1488 800 ei
1528 762 1858 813 respondeatur.

407 831 561 872 Militis
590 830 821 884 argentarii
852 836 895 870 et
925 829 1080 870 fusoris
1112 829 1252 870 officia
1279 828 1362 870 sibi
1383 828 1584 869 videntur
1611 842 1786 870 annexa
1815 838 1858 872 et

350 911 389 934 10
406 899 461 940 ad
482 899 679 952 superius
703 899 964 941 scaccarium
987 899 1127 951 magis
1149 897 1406 951 pertinentia
1437 903 1480 938 et
1502 896 1560 938 ob
1591 896 1676 938 hoc
1697 897 1858 939 ibidem

405 981 505 1008 cum
537 968 688 1010 ceteris
725 968 875 1009 officiis
911 967 1202 1021 explananda.
1261 966 1464 1020 Quatuor
1502 972 1857 1020 computatorum

404 1036 596 1078 officium
623 1036 707 1078 hoc
734 1043 813 1078 est.
874 1036 986 1077 Cum
1015 1036 1058 1076 in
1085 1035 1348 1077 scaccarium
1375 1035 1644 1076 numeranda
1674 1035 1858 1088 pecunia

405 1105 600 1158 mittitur,
634 1119 742 1147 vnus
777 1119 928 1147 eorum
959 1104 1188 1158 diligenter
1221 1110 1360 1146 totam
1397 1103 1652 1145 commiscet
1687 1109 1735 1144 vt
1770 1116 1858 1145 non

404 1188 598 1215 seorsum
629 1174 829 1215 meliores
862 1180 907 1215 et
939 1186 1132 1214 seorsum
1168 1172 1402 1214 deteriores
1433 1172 1519 1214 sint
1553 1178 1619 1212 set
1651 1171 1779 1212 mixti
1810 1177 1857 1213 vt

348 1251 385 1284 15
404 1232 592 1297 ponderi
626 1243 930 1296 respondeant.
1007 1241 1108 1295 Quo
1149 1240 1264 1283 facto
1305 1241 1564 1282 camerarius
1604 1241 1661 1282 ad
1703 1240 1856 1282 libram

405 1312 604 1353 scaccarii
637 1311 852 1365 ponderat
886 1317 1097 1364 quantum
1133 1316 1307 1364 oportet
1342 1310 1386 1351 in
1422 1310 1612 1361 trutina;
1661 1310 1780 1362 quod
1822 1310 1857 1351 si

405 1394 611 1421 numerus
642 1395 723 1421 xx.
752 1380 990 1421 solidorum
1022 1378 1254 1432 plusquam
1284 1392 1365 1420 sex
1395 1378 1587 1419 nummis
1616 1379 1859 1420 excreuerit

405 1455 602 1502 respectu
624 1449 743 1501 libre,
763 1449 942 1502 indigna
963 1448 1091 1501 recipi
1119 1448 1284 1489 dicitur.
1345 1446 1392 1488 Si
1412 1460 1514 1488 vero
1535 1446 1602 1488 vel
1628 1448 1684 1488 ad
1709 1448 1763 1489 vi.
1785 1447 1852 1488 vel

404 1518 511 1559 infra
542 1531 587 1558 se
617 1517 802 1565 cohibet,
823 1517 1053 1570 suscipitur
1083 1522 1127 1557 et
1157 1530 1182 1557 a
1213 1515 1589 1569 computatoribus
1622 1515 1855 1569 diligenter

347 1605 388 1628 20
405 1600 481 1640 per
507 1593 713 1628 centenos
740 1586 901 1627 solidos
922 1593 969 1627 vt
989 1585 1231 1640 predictum
1257 1590 1324 1625 est
1351 1591 1614 1626 numeratur.
1679 1584 1729 1626 Si
1751 1598 1855 1626 vero

404 1655 460 1695 de
482 1654 605 1696 firma
625 1661 725 1695 sunt
741 1654 903 1695 denarii
925 1660 968 1695 et
989 1654 1074 1694 sint
1095 1653 1389 1703 examinandi,
1405 1653 1518 1694 facta
1535 1652 1854 1694 commixtione

403 1724 526 1765 xliiii.
553 1724 791 1765 solidorum
823 1724 878 1764 de
904 1735 1059 1764 aceruo
1087 1722 1131 1762 in
1162 1721 1352 1763 loculum
1385 1735 1579 1764 seorsum
1609 1722 1853 1770 mittuntur,

403 1800 449 1835 et
481 1792 581 1833 huic
611 1793 852 1834 vicecomes
881 1792 1053 1845 signum
1084 1804 1211 1831 suum
1243 1790 1425 1844 apponit
1455 1796 1502 1831 vt
1531 1804 1589 1830 ex
1620 1790 1700 1831 hiis
1735 1798 1855 1844 post-

358 1871 388 1903 E
406 1862 582 1902 modum
613 1874 814 1913 examen,
837 1861 956 1915 quod
984 1860 1117 1913 vulgo
1147 1859 1331 1900 essaium
1361 1859 1527 1909 dicitur,
1552 1858 1627 1900 fiat
1657 1859 1768 1900 sicut
1797 1873 1855 1901 ex

347 1951 385 1984 ²5
404 1931 684 1983 sequentibus
710 1930 904 1982 liquebit.
968 1929 1064 1970 Erit
1092 1934 1238 1968 autem
1265 1941 1366 1968 cure
1394 1941 1543 1968 eorum
1572 1928 1646 1981 qui
1675 1935 1856 1981 presunt

404 2006 576 2052 recepte
592 1999 730 2052 gratia
751 1998 1027 2040 dominorum
1042 2009 1231 2046 suorum,
1250 1995 1333 2038 hoc
1354 2002 1420 2037 est
1441 1995 1582 2038 clerici
1600 1995 1855 2037 thesaurarii

404 2076 448 2110 et
479 2068 813 2109 camerariorum
843 2073 890 2108 vt
921 2073 1096 2119 recepta
1126 2064 1307 2118 pecunia
1337 2078 1529 2106 seorsum
1563 2064 1740 2106 mittant
1776 2078 1854 2105 ex-

404 2137 579 2178 aminati
620 2137 785 2191 argenti
821 2136 1014 2190 pondera
1055 2141 1098 2176 et
1139 2134 1338 2174 denarios
1378 2134 1434 2174 de
1476 2132 1610 2183 firma,
1641 2133 1853 2187 appositis

404 2206 663 2260 quibusdam
697 2204 828 2258 signis
855 2204 989 2246 saccis
1017 2217 1181 2255 eorum,
1200 2211 1247 2246 vt
1275 2203 1310 2244 si
1339 2215 1417 2242 rex
1438 2216 1542 2243 vasa
1563 2208 1771 2255 argentea
1797 2202 1855 2243 ad

344 2294 386 2325 30
404 2275 568 2316 cultum
599 2276 758 2316 domus
792 2274 864 2314 dei
898 2272 968 2314 vel
1000 2274 1057 2314 ad
1093 2273 1249 2314 domus
1282 2270 1458 2325 proprie
1493 2270 1750 2324 obsequium
1785 2269 1855 2312 vel

402 2345 512 2385 forte
533 2350 731 2385 monetas
750 2342 1061 2383 transmarinas
1082 2341 1172 2382 fieri
1194 2340 1379 2382 voluerit
1400 2353 1457 2380 ex
1478 2338 1558 2379 hiis
1580 2338 1698 2381 fiant.

459 2412 716 2466 Discz'pulus.
777 2411 859 2452 Est
879 2409 1046 2463 aliquid
1068 2410 1110 2450 in
1132 2408 1335 2462 predictis
1357 2408 1477 2460 quod
1498 2420 1569 2448 me
1591 2407 1748 2460 pulsat.

460 2481 689 2534 stffagz'ster.
750 2480 832 2521 Dic
854 2492 971 2533 ergo.

460 2550 719 2602 Disciptclus.
779 2548 941 2590 Dixisti
968 2547 1002 2590 si
1029 2547 1140 2588 bene
1168 2544 1344 2588 memini
1366 2544 1485 2598 quod
1508 2543 1564 2585 ad
1593 2546 1854 2587 scaccarium

345 2635 386 2668 35
405 2620 667 2671 quandoque
696 2618 904 2659 soluenda
926 2616 1120 2658 differtur
1140 2614 1321 2670 pecunia
1340 2627 1425 2668 que
1445 2613 1657 2655 iudicatur
1678 2614 1854 2668 indigna

453 2718 472 2752 3
498 2706 589 2751 non]
607 2705 633 2742 'fi
650 2709 684 2742 R
776 2708 798 2742 6
823 2720 846 2742 a
861 2708 898 2742 R
914 2718 1029 2743 corn:
1057 2707 1103 2741 ab
1125 2706 1229 2741 CNR
1355 2704 1446 2739 6-12
1465 2704 1780 2749 computatoribus
1798 2731 1807 2740 .
1820 2730 1830 2739 .
1842 2730 1852 2739 .

405 2762 461 2789 est
478 2753 538 2788 N3
622 2755 642 2788 8
667 2762 1003 2800 quantumcumque
1019 2754 1050 2789 C
1128 2762 1166 2787 11
1196 2753 1363 2796 Quatuor
1374 2762 1441 2785 om.
1453 2751 1497 2785 N
1574 2761 1614 2785 12
1641 2752 1711 2786 hoc
1728 2763 1796 2786 om.
1813 2752 1861 2786 N

408 2802 450 2836 18
476 2801 616 2846 integra
633 2801 677 2836 N
688 2803 728 2836 in
745 2813 882 2835 rasura
978 2810 1034 2844 24,
1053 2810 1072 2835 2
1077 2808 1094 2845 5
1121 2798 1382 2844 exequentibus
1399 2799 1454 2832 R:
1481 2809 1524 2832 ex
1541 2798 1853 2843 consequentibus

405 2848 498 2883 sicut
515 2849 561 2883 N
700 2856 742 2892 35
768 2848 935 2883 differtur
951 2852 1037 2882 ante
1061 2846 1239 2883 soluenda
1249 2846 1361 2891 ponit
1376 2845 1422 2889 R,
1432 2847 1521 2890 post
1536 2844 1692 2890 pecunia
1709 2845 1742 2881 C
