2022 3281
409 195 491 238 126
893 192 978 234 DE
1013 189 1377 233 SCACCARIO
1681 189 1738 245 [11
1759 189 1801 231 iv
1824 196 1853 229 ε

405 308 652 357 constitute,
690 306 724 348 si
760 313 873 348 terre
903 305 1018 354 date,
1048 303 1109 344 sic
1139 316 1185 344 se
1214 302 1380 345 habent
1408 302 1492 345 hoc
1523 317 1639 346 anno
1669 303 1781 345 sicut
1813 303 1855 344 in

405 375 672 432 preterito?'
733 374 865 428 Quod
897 373 932 413 si
960 371 1156 413 similiter
1183 384 1229 411 se
1253 370 1414 412 habere
1441 372 1721 425 responderit,
1750 378 1856 412 tunc

405 445 589 499 scriptor
619 442 871 485 thesaurarii
901 439 1157 494 preteritum
1182 438 1383 479 annalem
1414 439 1602 481 rotulum
1627 439 1856 493 diligenter

407 512 450 553 in
500 513 581 553 hiis
620 510 865 553 constitutis
906 507 1143 549 scribendis
1189 512 1407 560 sequatur,
1452 514 1686 549 contuente
1728 507 1857 548 simul

368 600 387 633 5
407 580 685 631 thesaurario,
702 583 711 600 ‘
725 592 779 619 ne
799 577 909 618 forte
927 589 1080 617 manus
1098 575 1314 629 scriptoris
1336 576 1506 617 aberret
1521 574 1546 625 ’ς
1572 581 1617 617 et
1629 577 1730 629 quia
1752 577 1856 616 satis

406 649 450 690 in
471 648 600 690 titulo
622 648 678 688 de
697 646 838 688 officio
866 645 1087 698 scriptoris
1113 644 1370 686 thesaurarii
1391 645 1447 686 de
1471 645 1621 686 ordine
1647 646 1858 698 scripture

407 717 575 758 dixisse
597 729 667 756 me
688 714 878 765 memini,
899 714 982 754 hiis
1003 713 1058 754 ad
1076 727 1256 767 presens
1276 715 1553 767 supersedeo.

463 783 723 838 Dz‘scipulus.
786 783 871 824 Dic
897 795 1013 836 ergo,
1034 783 1068 823 si
1098 782 1251 836 placet,
1280 783 1336 823 de
1356 782 1439 823 hiis
1464 796 1550 836 que
1576 782 1663 824 iam
1691 782 1858 823 dudum

406 867 542 907 vsque
581 853 637 894 ad
675 852 846 906 agenda
884 851 1150 892 vicecomitis
1190 850 1410 901 distulisti,
1451 851 1558 905 quid
1595 850 1759 892 scilicet
1800 851 1856 890 sit

349 941 389 963 10
409 922 622 975 quasdam
662 928 800 963 terras
841 934 867 961 a
906 933 1009 973 rege
1049 920 1141 961 dari
1183 919 1362 962 blancas
1401 920 1617 973 quasdam
1662 933 1859 960 numero.

410 991 512 1032 Hoc
535 991 651 1031 enim
676 1004 747 1031 me
770 989 1023 1031 sollicitauit
1044 990 1100 1031 ab
1123 988 1258 1031 initio.

465 1059 696 1112 Magister.
759 1057 888 1108 Satis,
908 1063 955 1099 vt
977 1058 1120 1109 credo,
1141 1057 1220 1099 tibi
1243 1063 1413 1099 constat
1443 1071 1500 1098 ex
1522 1057 1727 1111 predictis
1752 1056 1858 1109 quid

409 1128 466 1169 sit
487 1129 699 1182 quasdam
722 1126 868 1168 firmas
889 1127 999 1168 solui
1025 1127 1202 1168 blancas
1222 1127 1436 1180 quasdam
1459 1140 1653 1168 numero.
1713 1125 1861 1166 Firma

409 1198 586 1252 quidem
607 1196 764 1238 blanca
785 1196 969 1237 soluitur
988 1209 1087 1237 cum
1109 1195 1215 1249 ipsa,
1237 1195 1352 1237 sacto
1381 1195 1596 1245 examine,
1618 1194 1861 1236 dealbatur.

351 1263 390 1335 ’ὃ
411 1266 522 1320 Quis
558 1267 731 1319 insuper
771 1265 898 1306 fuerit
928 1265 1053 1306 huius
1094 1264 1378 1306 institutionis
1414 1271 1565 1305 auctor
1597 1270 1641 1304 et
1679 1276 1765 1316 que
1795 1263 1860 1303 in-

409 1335 620 1377 stituendi
656 1334 768 1376 ratio
793 1334 895 1375 satis
925 1333 1139 1376 innotuit:
1172 1346 1301 1387 porro
1335 1332 1505 1374 firmam
1534 1346 1714 1373 numero
1750 1331 1882 1373 solui·

410 1404 604 1445 diximus
627 1417 726 1445 curn
752 1409 925 1445 tantum
955 1403 1223 1444 numerando
1251 1416 1339 1443 non
1367 1402 1663 1444 examinando
1689 1401 1745 1442 de
1767 1401 1861 1454 ipsa

409 1472 577 1514 satisfit.
640 1471 752 1513 Cum
788 1484 891 1523 ergo
922 1485 1001 1512 rex
1033 1470 1216 1512 fundum
1248 1470 1433 1524 aliquem
1465 1470 1592 1512 alicui
1629 1469 1862 1512 contulerit

410 1541 539 1581 simul
569 1554 668 1582 cum
700 1540 937 1590 hundredo,
967 1539 1035 1581 vel
1070 1538 1237 1592 placitis
1268 1553 1354 1592 que
1385 1553 1442 1580 ex
1473 1539 1555 1580 hoc
1587 1538 1861 1592 proueniunt,

353 1625 393 1658 20
411 1610 560 1651 dicunt
578 1608 763 1649 fundum
784 1608 905 1649 illum
928 1608 989 1648 illi
1011 1608 1215 1649 blancum
1233 1607 1438 1649 collatum
1456 1622 1464 1656 ;
1497 1614 1542 1648 at
1564 1621 1677 1657 cum,
1691 1613 1862 1648 retento

409 1679 492 1720 sibi
523 1678 764 1728 hundredo,
788 1690 864 1731 per
888 1678 1007 1730 quod
1036 1677 1161 1718 firma
1186 1677 1379 1718 dealbari
1408 1677 1578 1724 dicitur,
1608 1675 1863 1729 simpliciter

409 1747 591 1788 fundum
634 1746 801 1788 dederit
841 1760 929 1788 non
968 1747 1272 1796 determinans,
1314 1749 1323 1766 ‘
1339 1759 1438 1788 cum
1488 1745 1715 1787 hundredo
1733 1742 1743 1760 '
1792 1744 1859 1784 vel

410 1813 670 1864 ‘blancum‚’
702 1829 883 1856 numero
911 1816 1041 1857 datus
1077 1815 1247 1857 dicitur.
1324 1815 1513 1868 Oportet
1544 1820 1693 1854 autern
1726 1818 1774 1854 vt
1806 1814 1861 1854 de

411 1883 548 1926 fundo
569 1883 729 1925 collato
749 1884 882 1925 breue
899 1885 1026 1937 regis,
1049 1884 1117 1926 vel
1139 1890 1303 1925 cartam
1322 1883 1424 1931 eius,
1448 1884 1491 1924 in
1512 1882 1699 1924 termino
1724 1881 1864 1923 sancti

353 1967 390 2000 25
412 1952 640 1995 Michaelis
679 1952 726 2002 is,
764 1953 833 1993 cui
873 1952 1056 1994 collatus
1088 1959 1166 2003 est,
1201 1954 1258 1994 ad
1298 1952 1560 1994 scaccarium
1603 1950 1783 1999 deferat,
1816 1958 1863 1990 vt

409 2022 655 2064 vicecomiti
673 2027 950 2075 computetur
967 2038 976 2071 3
997 2022 1189 2075 alioquin
1208 2021 1251 2062 in
1271 2035 1431 2075 magno
1453 2020 1599 2062 annali
1616 2019 1760 2062 rotulo
1776 2033 1863 2060 non

410 2093 622 2133 scribetur
652 2104 732 2132 nec
775 2090 1020 2132 vicecomiti
1051 2091 1390 2144 computabitur.
1452 2089 1677 2131 Scribetur
1717 2095 1863 2130 autem

411 2159 484 2206 sic,
517 2165 618 2213 post
653 2158 910 2199 elemosinas
945 2163 989 2197 et
1029 2157 1220 2197 decimas
1257 2163 1301 2198 et
1331 2156 1608 2197 liberationes
1642 2155 1865 2208 Vtriusque

412 2227 584 2281 generis
597 2227 867 2276 constitutaS,
882 2225 925 2266 in
946 2226 1090 2279 capite
1111 2225 1222 2266 linee
1243 2225 1319 2265 ‘In
1342 2225 1466 2266 terris
1487 2225 1602 2266 datis
1623 2224 1684 2264 illi
1708 2224 1761 2265 N.
1784 2237 1864 2264 xx.

352 2309 394 2347 30
413 2296 544 2336 libras
566 2295 624 2337 bl.
648 2295 707 2336 ibi
724 2300 767 2335 et
784 2294 845 2334 illi
864 2294 920 2334 N.
936 2308 1015 2334 xx.
1033 2293 1162 2335 libras
1183 2307 1365 2334 numero
1382 2291 1464 2333 ibi.’
1518 2292 1716 2333 Aduerte
1730 2292 1863 2333 etiarn

412 2365 530 2418 quod
548 2365 583 2405 si
604 2364 715 2405 forte
736 2363 848 2404 inter
861 2369 997 2404 terras
1018 2363 1144 2404 datas
1159 2362 1372 2403 inueneris
1395 2360 1479 2402 ‘illi
1503 2360 1572 2402 vel
1595 2360 1655 2400 illi
1671 2374 1715 2401 x.
1733 2360 1865 2401 libras

413 2431 484 2475 bl.’
507 2433 577 2474 vel
598 2438 808 2473 ‘numero
835 2431 892 2472 ibi
909 2431 965 2473 de
992 2431 1175 2484 prestito
1204 2429 1342 2484 regis‚'
1364 2442 1463 2470 cum
1492 2428 1540 2476 is,
1566 2429 1640 2482 qui
1669 2442 1864 2470 commo-

413 2501 505 2542 dati
526 2501 593 2542 vel
616 2500 783 2555 prestiti
798 2499 1010 2542 beneficio
1024 2499 1199 2554 gauisus
1221 2505 1300 2551 est,
1313 2498 1389 2539 fati
1405 2498 1555 2539 debita
1571 2497 1766 2548 soluerit,
1782 2498 1864 2538 nisi

414 2583 492 2623 per
511 2570 696 2622 gratiam
726 2570 849 2623 regis,
872 2582 960 2611 non
987 2568 1125 2618 vxori,
1147 2581 1234 2608 non
1264 2567 1407 2608 liberis
1428 2580 1514 2608 non
1542 2565 1669 2608 alicui
1691 2566 1865 2607 nomine

461 2668 484 2701 4
501 2660 710 2695 continente
726 2660 773 2694 N
907 2659 930 2695 6
954 2658 1172 2695 thesaurarii
1189 2669 1257 2692 om.
1274 2658 1310 2692 R
1442 2665 1462 2699 7
1480 2655 1645 2701 memini]
1665 2656 1809 2692 initium
1825 2657 1871 2691 N

415 2706 436 2740 8
456 2709 543 2750 post
559 2707 678 2750 placet
697 2706 781 2740 add.
800 2712 836 2742 et
853 2707 900 2740 N
966 2706 1013 2741 de
1031 2705 1101 2740 hiis
1119 2716 1187 2739 om.
1206 2706 1241 2739 R
1329 2713 1352 2749 9
1369 2704 1468 2749 quod
1484 2704 1530 2737 N
1616 2713 1658 2748 19
1675 2704 1808 2748 placito
1825 2704 1869 2738 N

417 2761 464 2786 20
489 2752 706 2787 collocatum
727 2754 757 2788 C
859 2763 904 2797 24
921 2755 1011 2799 post
1026 2753 1141 2787 fundo
1159 2751 1243 2787 add.
1263 2751 1331 2786 sibi
1348 2752 1384 2785 R
1488 2750 1621 2786 collota
1637 2751 1685 2784 N
1772 2758 1815 2795 25
1835 2749 1865 2784 is

415 2809 484 2833 om.
502 2799 579 2832 NR
650 2801 692 2834 28
703 2802 791 2844 post
805 2799 1039 2836 liberationes
1057 2800 1141 2834 add.
1160 2798 1197 2833 in
1213 2799 1248 2833 R
1319 2807 1365 2842 30
1380 2808 1533 2833 numero
1549 2797 1661 2834 libras
1680 2797 1712 2833 C
1787 2797 1866 2832 Ad—

414 2856 520 2881 verse
537 2846 572 2880 R
680 2855 724 2890 32
751 2845 801 2881 ibi
818 2858 885 2882 om.
902 2847 950 2882 N
