2022 3281
130 199 165 230 11
188 189 216 230 ii
237 185 293 246 A]
619 189 707 232 DE
738 150 1099 233 SCACcARIO
1502 200 1582 247 115

128 302 295 356 aliquot
324 313 464 344 annos
494 301 536 343 in
566 303 976 345 summonitionibus
1004 302 1258 357 appositum
1287 302 1369 345 fuit
1398 303 1580 346 verbum

127 372 247 425 quod
269 371 529 424 premissum
557 378 648 422 est;
677 385 755 413 nec
778 378 931 426 postea
959 371 1086 414 alicui
1107 372 1250 425 patuit
1271 371 1392 413 locus
1411 373 1582 415 subter-

127 440 232 492 fugii
254 440 359 493 quin
381 440 618 482 satisfaciat
640 440 782 482 omnis
804 441 976 482 debitor
992 454 1069 494 per
1088 454 1267 482 omnem
1289 441 1484 492 modum,
1500 442 1581 482 nisi

127 521 258 562 quem
302 508 398 550 sola
437 522 640 562 suprema
675 515 856 551 excusat
901 509 1061 564 inopia.
1136 509 1249 551 Cum
1296 515 1445 551 autem
1491 510 1579 551 iam

125 577 328 618 omnibus
353 577 679 619 vicecomitibus
705 584 749 619 et
780 579 1048 620 debitoribus
1078 578 1342 620 constitisset
1369 579 1488 632 quod
1518 579 1580 621 sic
1599 597 1618 630 5

125 646 363 700 sophistice
376 652 580 699 poterant
595 647 947 700 importunitates
963 647 1253 698 determinari,
1271 660 1357 688 non
1379 648 1579 702 oportuit

124 714 308 768 amplius
331 715 437 756 illud
459 715 642 757 verbum
664 716 842 769 apponi,
857 730 935 757 nec
956 716 1202 770 apponitur.
1248 716 1411 758 Modus
1430 723 1579 759 tamen

124 783 197 824 ille
218 784 290 838 qui
312 784 453 826 dictus
475 791 541 826 est
563 784 800 826 coercionis
816 785 1065 827 debitorum
1087 797 1346 838 quacunque
1367 799 1414 825 se
1435 792 1575 826 trans-

123 852 300 894 tulerint
331 860 579 907 perseuerat
606 854 726 907 apud
753 853 1029 895 vicecomites
1059 860 1104 895 et
1125 853 1248 906 quasi
1270 854 1462 907 quodam
1491 855 1581 896 iure

124 927 338 974 perpetuo
360 923 623 964 constitutus
645 929 853 964 seruatur.
1601 940 1641 962 10

179 989 440 1043 Dz'scipalus.
503 990 667 1032 Audiui
718 991 805 1032 iam
851 990 1031 1038 dudum,
1082 990 1366 1032 referentibus
1417 991 1579 1043 multis,

124 1059 242 1111 quod
265 1058 331 1099 bis
352 1059 395 1099 in
416 1073 531 1100 anno
553 1058 816 1101 scaccarium
838 1065 1113 1111 conuocetur‚
1131 1059 1214 1101 hoc
1236 1066 1302 1101 est
1327 1060 1370 1100 in
1391 1061 1580 1102 termino

124 1127 289 1169 Pasche
320 1134 363 1169 et
394 1128 437 1168 in
467 1128 657 1169 termino
687 1127 827 1169 sancti
858 1127 1100 1169 Michaelis.
1162 1128 1328 1169 Dixisti
1357 1129 1505 1179 etiam,
1540 1130 1577 1170 si

123 1196 233 1236 bene
269 1196 458 1244 memini,
491 1196 570 1236 nisi
605 1195 825 1250 premissis
861 1195 1276 1237 summonitionibus
1311 1198 1576 1239 scaccarium

122 1278 208 1305 non
235 1264 382 1305 teneri.
445 1263 559 1306 Cum
597 1278 702 1318 ergo
737 1265 1103 1306 summonitiones
1134 1266 1191 1306 ad
1226 1271 1460 1319 Vtrumque
1490 1272 1576 1308 ter·
1599 1283 1636 1315 ¹5

123 1334 290 1374 minum
322 1333 441 1382 fiant,
463 1347 571 1387 rogo
593 1339 649 1383 te,
670 1333 705 1374 si
737 1332 893 1386 placet,
914 1332 1081 1386 aperias
1102 1333 1137 1373 si
1170 1333 1214 1373 in
1245 1334 1437 1387 vtrisque
1458 1348 1577 1376 sum-

121 1401 435 1443 monitionibus
465 1401 539 1442 lex
568 1415 653 1442 vna
681 1408 894 1453 seruetur,
922 1401 993 1442 vel
1021 1402 1057 1443 si
1089 1401 1132 1442 in
1162 1402 1394 1443 verborum
1426 1409 1577 1444 tenore

119 1470 389 1511 dissonantia
410 1476 476 1512 est
497 1484 583 1524 que
602 1470 659 1512 sit
681 1476 724 1512 et
746 1484 881 1524 quare
902 1471 977 1511 sic.
1595 1518 1620 1527 ..

175 1539 406 1592 Magister.
468 1539 684 1592 Magnum
724 1545 800 1580 tue
840 1538 1134 1593 prouectionis
1174 1545 1240 1581 est
1269 1529 1625 1603 argumentum}⁸

118 1607 237 1660 quod
273 1621 402 1661 super
432 1607 515 1648 hiis
548 1607 750 1649 dubitare
783 1608 871 1648 iam
904 1608 1031 1651 nosti.
1093 1607 1228 1650 Porro
1261 1614 1379 1650 certo
1415 1609 1573 1650 certius
1594 1624 1635 1647 20
1668 1656 1677 1666 ⁸

119 1683 184 1718 est
220 1677 336 1730 quod
372 1675 439 1718 bis
480 1676 742 1718 scaccarium
780 1677 824 1717 in
859 1690 976 1718 anno
1011 1683 1277 1719 convocatur
1312 1682 1357 1719 et
1389 1684 1575 1722 tenetur.

118 1745 451 1801 precedentibus
481 1751 641 1795 tamen,
667 1751 715 1786 vt
746 1745 991 1798 predictum
1023 1752 1102 1795 est,
1132 1746 1573 1795 summonitionibus;

118 1815 402 1855 terminorum
425 1814 557 1855 etiam
585 1814 808 1867 Vtriusque
832 1814 1033 1855 sessionis
1060 1814 1165 1856 satis
1186 1815 1299 1856 bene
1325 1815 1572 1856 meministi.

118 1883 198 1924 Set
233 1883 412 1924 attende
439 1882 558 1935 quod
587 1881 630 1922 in
658 1883 845 1923 termino
878 1881 1042 1924 Pasche
1072 1897 1100 1924 a
1129 1883 1457 1924 vicecomitibus
1486 1896 1574 1924 non

116 1951 312 2004 compoti
348 1956 414 1991 set
449 1950 629 2003 quidam
660 1951 776 1991 visus
812 1957 1118 2004 compotorum
1155 1950 1278 2001 fiunt,
1310 1952 1424 1992 vnde
1459 1965 1572 2006 pene
1592 1965 1633 1997 25

116 2019 248 2062 nichil
269 2032 420 2061 eorum
441 2032 526 2073 que
543 2018 629 2060 illic
650 2025 754 2061 tunc
775 2027 983 2073 geruntur
1002 2021 1213 2074 scripture
1228 2020 1571 2062 commendatur.

117 2088 197 2130 Set
237 2094 380 2130 totum
421 2093 667 2129 reseruatur
705 2087 780 2128 alii
820 2088 1007 2129 termino
1043 2095 1091 2130 vt
1122 2095 1226 2130 tunc
1261 2089 1493 2143 diligenter
1528 2090 1572 2132 in

117 2170 277 2212 magno
317 2156 462 2198 annali
514 2156 657 2198 rotulo
706 2156 878 2210 singula
927 2169 1004 2209 per
1049 2157 1247 2198 ordinem
1293 2164 1569 2199 annotentur.

115 2226 285 2268 Tamen
302 2226 488 2280 quedam
505 2225 788 2266 memoranda
804 2238 888 2278 que
902 2224 1149 2279 frequenter
1165 2226 1359 2268 incidunt
1376 2241 1401 2268 a
1414 2226 1570 2268 clerico

115 2294 366 2337 thesaurarii
387 2307 580 2335 seorsum
603 2299 706 2335 tunc
726 2293 973 2335 scribuntur
991 2300 1039 2335 vt
1059 2294 1202 2336 soluto
1223 2296 1435 2337 scaccario
1456 2295 1570 2336 illius
1588 2310 1631 2341 30

114 2364 285 2405 termini
312 2363 367 2404 de
394 2362 477 2403 hiis
505 2363 754 2404 discernant
780 2362 978 2412 maiores,
1005 2376 1091 2416 que
1119 2364 1295 2416 quidem
1326 2377 1415 2405 non
1445 2364 1569 2406 facile

114 2438 292 2487 propter
337 2444 613 2473 numerosam
651 2431 718 2472 sui
758 2430 1078 2473 multitudinem
1119 2432 1200 2472 nisi
1248 2432 1410 2486 scripto
1451 2446 1569 2475 com-

116 2501 422 2543 mendarentur
442 2505 729 2542 occurrerent.
806 2499 989 2553 Insuper
1019 2500 1226 2554 quicquid
1253 2501 1494 2543 vicecomes
1524 2502 1568 2544 in

161 2627 184 2660 4
206 2623 374 2652 exerceat
393 2616 425 2653 C
531 2617 676 2663 opiaN
777 2625 794 2663 5
822 2616 1073 2652 constituisset
1089 2617 1138 2651 N
1234 2617 1255 2652 8
1282 2617 1330 2652 illi
1351 2618 1383 2653 C
1489 2619 1569 2665 qui-

114 2675 259 2709 cunque
279 2665 310 2698 C
401 2663 432 2699 si
450 2664 486 2699 R
588 2675 628 2699 12
654 2662 728 2710 bis]
745 2664 801 2699 vis
818 2664 865 2698 N
957 2672 996 2707 17
1023 2664 1060 2698 in
1078 2676 1146 2699 om.
1166 2665 1201 2699 R
1313 2666 1353 2700 18
1379 2665 1432 2700 sic
1447 2677 1516 2702 om.
1534 2668 1571 2702 R

116 2721 163 2745 20
188 2711 261 2745 iam
282 2710 377 2745 nosti
395 2711 565 2747 dubitare
581 2712 639 2746 R:
667 2711 794 2746 omnia
811 2710 908 2745 nosti
927 2710 1097 2746 dubitare
1113 2711 1161 2745 N
1289 2711 1404 2757 certo]
1423 2721 1522 2749 certe
1542 2714 1574 2750 C

117 2768 158 2793 21
179 2758 235 2792 ius
252 2757 485 2792 scaccariiN
634 2768 678 2802 23
706 2757 832 2801 etiam]
852 2769 935 2792 cum
952 2758 1008 2791 R:
1035 2769 1105 2791 om.
1119 2757 1167 2792 N
1309 2759 1354 2794 26
1378 2760 1569 2806 geruntur]

116 2816 163 2849 ge
178 2831 187 2840 .
206 2831 215 2838 .
234 2830 243 2839 .
261 2830 270 2839 .
288 2805 324 2838 R
411 2812 454 2848 27
480 2803 535 2849 vt]
555 2805 619 2840 dat
635 2806 694 2839 R:
722 2816 791 2839 om.
808 2805 856 2838 N
946 2805 989 2839 28
1015 2804 1160 2849 singulo
1176 2805 1213 2839 R
1283 2815 1329 2850 29
1354 2807 1577 2842 incidentN

117 2861 162 2896 30
171 2858 259 2887 tunc
272 2850 494 2898 scribuntur]
510 2852 789 2888 conscribuntur
799 2852 847 2885 N
889 2861 932 2896 32
945 2852 1264 2889 commendaretur
1274 2853 1319 2888 N
1373 2863 1414 2899 33
1429 2854 1519 2900 quid
1530 2855 1577 2890 N
