2912 4368
2157 384 2296 492 S

1944 627 2278 911 *π

339 994 355 1026 1
377 999 403 1026 v
426 984 462 1038 1]
828 982 915 1024 DE
950 980 1139 1025 sCAcc
1256 980 1283 1023 3
1728 993 1778 1035 73

339 1115 426 1142 non
457 1100 615 1142 meruit
647 1113 746 1142 cum
778 1099 1001 1141 sceleratis
1033 1099 1132 1152 depi
1283 1095 1375 1154 [Ita
1408 1102 1554 1138 tamen
1587 1096 1620 1137 si
1659 1095 1781 1137 miles
1803 1102 1837 1133 H

340 1185 427 1212 non
451 1170 591 1218 fuerit,
614 1172 669 1212 de
694 1169 905 1211 militibus
924 1183 1113 1223 namque
1261 1168 1387 1208 cunia
1407 1167 1586 1208 retentis
1605 1166 1782 1208 illustris

342 1241 453 1295 regis
476 1248 542 1282 est
573 1240 831 1282 constitutio
862 1253 947 1293 que
976 1239 1085 1280 infra
1116 1274 1119 1277 „
1260 1239 1367 1279 §itur
1394 1238 1434 1277 in
1464 1237 1644 1291 agendis
1666 1236 1783 1277 vice-

341 1307 549 1367 comitis.]
605 1311 718 1351 Item
741 1312 797 1352 ad
827 1310 942 1350 hunc
972 1316 1119 1363 specta
1261 1314 1401 1349 meto
1432 1315 1643 1360 compoto
1670 1307 1784 1347 vice-

342 1380 516 1422 comitis
547 1380 615 1421 vel
643 1380 838 1421 custodis
866 1378 935 1420 vel
963 1380 1118 1420 enimse<
1261 1391 1443 1430 persone
1471 1390 1556 1430 que
1586 1377 1640 1417 ad
1664 1390 1784 1416 com—
1808 1392 1823 1422 5

343 1457 497 1503 potum
535 1450 708 1498 residet,
743 1449 875 1490 fidem
918 1449 973 1490 ab
1016 1449 1110 1503 ipso
1266 1449 1325 1489 iat
1364 1448 1406 1488 in
1450 1447 1626 1500 publico
1665 1446 1783 1499 quod

342 1519 591 1573 legitimum
615 1526 871 1573 compotum
901 1520 1122 1560 secundun
1262 1518 1448 1558 ientiam
1477 1531 1599 1557 suam
1628 1516 1786 1557 fecerit.

345 1589 392 1632 Si
415 1605 518 1631 vero
540 1591 783 1631 vicecomes
804 1589 872 1630 vel
895 1590 969 1643 qui
987 1603 1135 1642 compt
1265 1588 1402 1640 iliquo
1425 1588 1578 1628 debito
1601 1593 1787 1635 tenetur,

344 1661 480 1701 addet
509 1660 628 1713 quod
658 1673 683 1700 a
712 1659 942 1709 scaccario,
964 1658 1049 1701 hoc
1079 1671 1137 1698 esi
1270 1667 1371 1711 gata
1400 1656 1500 1697 ville
1526 1657 1567 1696 in
1598 1670 1684 1710 qua
1711 1662 1787 1704 est,

347 1743 434 1771 non
457 1730 664 1778 discedet,
681 1729 761 1770 nisi
791 1729 886 1782 ipsa
916 1729 987 1769 die
1013 1729 1135 1769 reditv
1278 1742 1329 1768 ne
1349 1727 1530 1768 licencia
1558 1728 1786 1767 baronum.
1812 1739 1848 1760 ιο

347 1800 461 1841 Item
498 1799 567 1840 hic
602 1800 738 1840 factas
776 1799 1135 1840 summonitione
1270 1813 1303 1837 a
1339 1798 1574 1837 terminum
1612 1795 1789 1837 alterius

346 1870 548 1911 scaccarii
571 1883 595 1910 a
619 1869 757 1911 latore
783 1868 912 1921 sigilli
942 1868 1046 1922 regii
1077 1869 1141 1919 sig⁴
1270 1868 1347 1907 <ub
1380 1880 1559 1907 numero
1584 1865 1789 1920 suscipiet

347 1946 390 1979 et
412 1938 621 1980 hostiario
643 1938 878 1993 superioris
901 1938 1103 1978 scaccarii
1136 1954 1139 1956 ¹
1268 1951 1379 1977 num
1411 1950 1534 1976 suam
1559 1936 1712 1977 distrib

348 2022 424 2062 per
459 2008 671 2061 Angliam
705 2007 977 2048 deferendas.
1042 2006 1112 2047 Sic
1283 2020 1431 2046 eorum
1465 2006 1539 2059 qui
1574 2006 1615 2045 in
1647 2020 1676 2060 p
1741 1997 1782 2089 ί

348 2092 509 2119 scanno
531 2078 722 2118 resident
745 2076 890 2119 officia
912 2077 1122 2117 distincta
1867 2089 1897 2116 ‹1-
1917 2106 1921 2121 ,

408 2148 459 2188 In
483 2148 625 2201 capite
646 2160 748 2188 vero
771 2147 962 2188 secunde
990 2147 1104 2187 sedis
1289 2152 1352 2185 est
1383 2144 1575 2185 seruiens
1599 2158 1792 2185 camera-

350 2217 524 2268 riorum,
557 2217 736 2258 clericus
769 2230 844 2257 seu
878 2216 1026 2267 laicus,
1061 2231 1111 2256 cu
1275 2217 1374 2255 :ium
1410 2216 1559 2267 paucis
1597 2215 1794 2268 expediri

349 2294 506 2341 potest,
539 2288 672 2327 verbo
713 2294 862 2328 tamen
896 2300 985 2327 non
1019 2300 1122 2339 opezv
1277 2303 1279 2305 ·
1314 2286 1450 2325 taleas
1489 2286 1543 2325 de
1586 2286 1793 2325 thesauro

348 2365 502 2399 contra
543 2357 861 2406 vicecomitem,
892 2356 962 2397 vel
993 2370 1093 2397 eum
1279 2363 1454 2408 nputat,
1490 2355 1704 2395 ministrat
1739 2362 1794 2405 et,

352 2441 450 2468 cum
484 2428 741 2481 oportuerit,
777 2427 1018 2468 secundum
1052 2441 1147 2480 qum
1280 2444 1285 2463 ›
1317 2425 1657 2479 computationis
1690 2439 1792 2465 exe·
1819 2438 1856 2458 20

352 2498 477 2552 gerit,
501 2504 642 2538 mutat
667 2497 734 2538 vel
770 2498 927 2537 minuit
953 2497 1019 2537 vel
1054 2498 1138 2537 adt}
1282 2496 1386 2545 alca,
1416 2496 1617 2549 apposita
1651 2495 1793 2535 eidem

351 2567 622 2608 contratalea
666 2567 966 2616 vicecomitis3
1022 2580 1109 2619 quo
1302 2567 1343 2605 in
1388 2566 1574 2607 termino
1630 2566 1795 2606 Pasche

352 2637 597 2690 longiorem
644 2637 890 2678 vicecomiti
942 2637 1098 2686 reddit,
1144 2638 1169 2675 1„
1324 2637 1365 2676 in
1416 2636 1606 2676 termino
1658 2637 1795 2676 sancti
1817 2642 1833 2672 Ι

355 2706 581 2747 Michaelis
615 2706 897 2747 afferendam.
964 2706 1014 2746 In
1054 2712 1160 2746 terni
1282 2720 1353 2746 ero
1383 2705 1520 2746 sancti
1555 2704 1795 2755 Michaelis,
2363 2735 2366 2753 z

355 2789 454 2816 cum
494 2776 536 2815 in
568 2775 714 2816 rotulo
746 2789 921 2816 summa
953 2775 1046 2816 eius
1083 2776 1161 2814 scri
1280 2776 1373 2815 ierit
1406 2776 1630 2827 deputata,
1664 2775 1797 2816 tradit
1822 2792 1857 2822 25
2357 2760 2366 2798 ·’

356 2845 543 2885 eandem
567 2843 811 2898 longiorem
837 2844 1095 2885 marescallo
1120 2846 1160 2883 in
1281 2860 1294 2880 ἰ
1318 2859 1395 2885 suo
1420 2845 1732 2897 reponendam.
2351 2839 2355 2911 ἐ

432 2916 453 2941 ¹
474 2913 676 2966 ‘capulus
738 2914 877 2954 Miror
919 2914 1040 2966 quod
1074 2914 1164 2953 dir
1293 2927 1387 2953 eam
1422 2914 1557 2953 semel
1590 2920 1797 2967 compoto

545 3001 547 3008 ,
574 2988 618 3023 et
640 2990 861 3037 receptam
885 2983 1041 3024 iterum
1065 2984 1137 3023 alii
1162 2998 1176 3021 t
1285 2993 1340 3023 ›to
1365 2983 1641 3025 offerendam.

554 3058 650 3093 ter.
712 3053 815 3093 Noli
848 3053 1008 3103 mirari,
1041 3054 1170 3105 quon
1283 3066 1509 3105 uecunque
1542 3059 1701 3093 exacta
1730 3052 1797 3093 vel

563 3122 693 3163 erint
718 3137 743 3163 a
774 3122 1032 3164 vicecomite
1063 3122 1105 3162 in
1140 3132 1173 3162 tn
1286 3141 1291 3157 ›
1327 3122 1503 3171 pasche,
1527 3136 1702 3163 necesse
1736 3130 1799 3163 est
1824 3138 1864 3170 30

570 3193 842 3242 ummoneri3
875 3206 962 3233 non
996 3198 1145 3234 tamen
1286 3193 1420 3232 :undo
1454 3191 1650 3233 soluatur
1682 3194 1800 3245 quod

562 3268 672 3302 tum
705 3261 848 3311 fuerit,
886 3268 952 3303 set
985 3268 1034 3303 ut
1066 3261 1173 3303 offer
1287 3277 1299 3302 3
1333 3269 1543 3315 compoto
1576 3269 1619 3302 et
1652 3262 1801 3303 oblata

573 3331 731 3373 utionis
764 3332 851 3372 iam
884 3332 1053 3373 dudum
1087 3331 1163 3371 fac
1286 3334 1424 3385 'gatur
1463 3332 1504 3371 in
1538 3332 1800 3385 scripturam

615 3400 678 3442 sic
718 3401 976 3443 absoluatur
1027 3415 1053 3443 a
1094 3402 1160 3442 del
1314 3401 1432 3441 Dum
1476 3402 1592 3441 enim
1638 3401 1798 3443 taleam

613 3530 620 3538 .
638 3504 685 3538 N
752 3514 771 3548 3
791 3503 1009 3539 constitutio
1028 3510 1083 3539 est
1102 3504 1167 3537 R:-
1291 3504 1319 3537 ii
1343 3504 1372 3538 C
1462 3514 1482 3548 9
1501 3504 1571 3539 hoc
1590 3510 1645 3539 est
1665 3505 1763 3549 quod
1783 3518 1804 3539 a

651 3561 692 3586 12
711 3552 797 3587 lat’e
818 3553 848 3587 C
918 3552 1014 3596 regis
1037 3552 1068 3586 C
1140 3562 1154 3584 2
1169 3562 1176 3565 ’
1289 3580 1291 3583 ,
1313 3553 1346 3585 Κ
1421 3561 1461 3594 27
1483 3552 1625 3587 dixistis
1645 3554 1691 3586 N
1760 3554 1802 3587 28

618 3607 654 3634 et
663 3598 868 3644 receptam]
877 3607 1026 3644 recepte
1038 3599 1100 3633 N:
1119 3611 1161 3632 Oi)
1291 3611 1378 3633 ‘rum
1393 3612 1460 3633 om.
1472 3600 1522 3641 A]
1531 3600 1597 3634 scd
1604 3605 1656 3634 esf
1667 3602 1804 3635 lacuna

696 3656 740 3691 29
758 3648 936 3692 quoniam
955 3658 1171 3692 quecunqtn:
1292 3659 1351 3681 am
1366 3647 1573 3692 quicunque
1588 3649 1622 3681 R
1637 3659 1642 3681 ε
1673 3660 1740 3682 am.
1753 3649 1803 3688 N,

601 3706 640 3728 a
719 3704 763 3738 30
780 3694 889 3730 fuerit
908 3695 955 3729 N
1034 3704 1074 3738 31
1097 3694 1163 3728 iter
1377 3705 1419 3740 33
1439 3695 1594 3741 dudum]
1615 3696 1754 3731 dictum
1772 3697 1808 3730 R

1096 3762 1124 3793 L
