2022 3281
116 185 150 216 11
173 175 229 217 vii
245 173 298 232 A]
608 176 694 218 DE
727 174 1089 219 SCACCARIO
1489 184 1567 228 127

114 289 206 330 eius
228 295 407 342 propter
423 289 655 343 prestitum
678 288 942 331 reclamandi
963 287 1085 329 locus
1107 287 1375 341 relinquitur.
1438 288 1568 330 Simi-

114 357 223 406 liter,
244 357 278 398 si
301 357 466 399 dictum
490 357 630 410 fuerit,
659 363 668 380 ⁶
690 359 757 399 Illi
781 372 822 399 x,
845 358 1052 411 quamdiu
1074 357 1163 410 regi
1185 355 1422 410 placuerit.'

168 425 430 479 Dz'scszulus.
491 426 610 480 Quid
633 433 698 468 est
719 427 836 481 quod
855 426 1005 468 dixisti
1028 425 1325 468 ‘liberationes
1345 425 1566 479 Vtriusque
1585 428 1630 465 vi

112 495 284 548 generis
301 494 310 511 ’
327 499 344 535 ?

168 563 401 616 Magister.
462 564 792 607 Liberationum
819 565 1008 619 quedam
1030 570 1130 605 sunt
1157 563 1443 618 indigentium
1466 577 1565 605 cum
1586 578 1603 615 5

111 646 169 672 ex
189 632 285 673 solo
307 633 497 674 caritatis
527 634 684 675 intuitu
710 634 766 674 ad
788 634 949 674 victum
975 639 1018 674 et
1039 633 1243 674 vestitum
1269 633 1396 675 alicui
1417 647 1444 674 a
1465 646 1567 685 rege

109 702 310 742 denarius
324 702 512 752 diurnus,
529 702 596 743 vel
614 703 714 749 duo,
730 702 797 743 vel
813 702 956 756 plures
969 702 1300 743 constituuntur.
1363 701 1567 755 Quedam

108 783 212 811 vero
234 777 335 811 sunt
356 771 636 812 seruientium
654 779 700 812 vt
717 771 796 812 hec
813 785 893 824 pro
908 770 1133 824 stipendiis
1150 770 1400 824 suscipiant,
1416 769 1567 824 quales

109 845 209 879 sunt
230 839 365 880 editui
383 840 501 893 regii,
519 840 729 891 tibicines,
745 840 945 894 luporum
963 839 1345 892 comprehensores
1363 846 1405 880 et
1422 839 1567 880 huius-

110 908 242 950 modi.
305 908 404 950 Hee
437 915 538 950 sunt
568 909 699 963 igitur
736 909 894 950 diuersi
924 909 1093 962 generis
1134 908 1424 959 liberationes,
1463 908 1565 961 quia
1587 921 1626 948 ιο

108 977 288 1018 diuersis
325 991 382 1018 ex
413 978 553 1018 causis
588 978 829 1028 soluuntur,
859 979 971 1019 inter
1001 978 1237 1018 constituta
1268 984 1416 1018 tamen
1447 991 1565 1018 com-

108 1052 326 1099 putantur.
389 1043 470 1103 [Et
492 1052 598 1087 nota
619 1046 750 1100 quod,
770 1046 872 1087 licet
894 1045 1077 1087 liberum
1099 1046 1155 1086 sit
1182 1045 1270 1098 regi
1297 1045 1565 1098 quibuslibet

108 1115 404 1169 indigentibus
438 1115 517 1156 has
553 1115 832 1156 liberationes
874 1115 1081 1165 conferre,
1112 1128 1169 1155 ex
1204 1115 1384 1168 antiqua
1415 1122 1565 1156 tamen

108 1185 381 1226 institutione
411 1184 553 1225 solent
583 1184 665 1225 hiis
696 1183 902 1237 assignari
928 1183 1002 1236 qui
1034 1183 1076 1223 in
1108 1183 1226 1224 curia
1256 1183 1565 1234 ministrantes,

106 1267 205 1294 cum
238 1254 434 1295 redditus
466 1267 552 1294 non
582 1252 785 1302 habeant,
817 1252 861 1292 in
892 1264 1121 1305 corporum
1151 1265 1327 1292 suorum
1360 1252 1562 1294 inualitu-
1585 1264 1623 1297 15

105 1322 252 1363 dinem
275 1323 484 1363 decidunt
508 1328 553 1363 et
577 1320 798 1363 laboribus
827 1320 1001 1361 inutiles
1030 1316 1173 1377 fiunt]
1237 1320 1337 1360 Hiis
1358 1321 1563 1362 omnibus

105 1405 183 1444 per
203 1391 398 1432 ordinem
421 1391 654 1439 annotatis,
676 1390 819 1443 querit
847 1388 1139 1431 thesaurarius
1165 1402 1191 1429 a
1211 1390 1479 1439 vicecomite,
1501 1392 1511 1410 ‘
1526 1391 1562 1430 si

104 1459 209 1513 quid
230 1460 486 1513 expenderit
512 1460 567 1501 de
593 1458 718 1499 firma
741 1458 975 1500 comitatus
1001 1472 1078 1512 per
1106 1458 1255 1500 breuia
1281 1458 1394 1511 regis
1418 1465 1563 1512 preter

103 1527 367 1570 constituta.'
426 1529 552 1570 Tunc
588 1528 783 1570 seriatim
821 1527 951 1568 missa
983 1527 1064 1569 sibi
1099 1527 1211 1581 regis
1246 1527 1393 1569 breuia
1427 1528 1562 1570 tradit

101 1597 257 1639 clerico
298 1597 553 1648 cancellarii,
592 1598 667 1652 qui
708 1597 820 1638 lecta
861 1597 904 1637 in
946 1597 1173 1651 publicum
1213 1596 1367 1638 eadem
1405 1596 1562 1639 liberat
1583 1607 1624 1639 ²9

102 1666 370 1708 thesaurario
409 1673 457 1708 vt
498 1667 601 1720 ipse,
637 1667 877 1707 secundum
913 1665 1100 1707 sormam
1138 1665 1181 1706 in
1216 1665 1420 1707 breuibus
1456 1679 1559 1707 con-

102 1742 288 1789 ceptam,
311 1735 354 1776 in
378 1736 634 1789 scripturam
668 1734 797 1776 rotuli
821 1735 886 1776 sui
908 1741 1157 1789 opportuna
1177 1735 1310 1776 verba
1333 1735 1562 1777 ministret.

106 1804 205 1858 Ipse
222 1818 421 1858 namque,
437 1805 548 1845 sicut
565 1804 730 1846 dictum
749 1810 827 1852 est,
845 1804 1071 1857 prescribit
1088 1810 1132 1844 et
1148 1803 1221 1844 alii
1238 1804 1559 1845 conscribentes

101 1873 158 1914 ab
180 1874 336 1914 eodem
352 1873 589 1926 excipiunt.
652 1873 752 1914 Hoc
773 1872 901 1921 facto,
923 1872 1114 1913 ostendit
1135 1872 1376 1913 vicecomes
1397 1873 1431 1912 si
1453 1873 1557 1926 quid

102 1942 361 1994 expenderit
397 1955 483 1982 non
520 1955 597 1995 per
627 1941 777 1982 breuia
807 1941 883 1982 sed
924 1954 1002 1994 per
1036 1941 1322 1982 constitutam
1355 1942 1558 1983 scaccarii
1580 1949 1618 1988 25

101 2009 244 2065 legem
277 2009 358 2050 sibi
399 2010 709 2064 computanda,
751 2009 898 2062 qualia
937 2015 1038 2050 sunt
1078 2009 1362 2050 liberationes
1397 2011 1559 2062 proba-

102 2085 246 2119 torum
269 2079 380 2132 regis
409 2085 452 2120 et
476 2079 580 2119 item
609 2092 660 2119 ea
688 2090 773 2132 que
798 2078 1032 2119 mittuntur
1057 2077 1100 2118 in
1125 2077 1297 2119 iustitiis
1319 2084 1363 2119 et
1388 2078 1557 2119 iudiciis

99 2147 342 2201 explendis.
1601 2185 1626 2194 ,,

156 2216 358 2258 Aduerte
378 2222 525 2257 autem
552 2215 736 2257 iustitias
755 2215 824 2256 hic
845 2214 1051 2256 vsualiter
1072 2216 1310 2269 nuncupari
1331 2215 1489 2269 prolati
1511 2215 1554 2256 in
1572 2196 1629 2269 ξι

100 2286 268 2340 aliquos
290 2285 391 2326 iuris
420 2285 713 2334 executiones,
741 2284 901 2325 iudicia
927 2298 1032 2326 vero
1060 2283 1177 2338 leges
1205 2285 1429 2326 candentis
1458 2284 1555 2325 ferri
1577 2291 1620 2323 30

99 2352 167 2394 vel
212 2365 336 2406 aque.
398 2351 701 2392 Liberationes
744 2351 875 2404 igitur
923 2350 1208 2404 probatorum
1258 2350 1341 2391 hac
1391 2351 1558 2392 ratione

99 2420 236 2462 fiunt:
281 2427 459 2475 propter
497 2420 746 2461 innumeras
797 2418 917 2473 regni
968 2419 1095 2460 huius
1139 2419 1315 2460 diuitias
1364 2425 1407 2460 et
1450 2420 1555 2461 item

99 2496 278 2543 propter
307 2490 501 2531 innatam
533 2488 746 2542 indigenis
777 2487 1013 2542 crapulam,
1044 2501 1176 2542 quam
1207 2501 1379 2541 semper
1411 2502 1557 2532 comes

100 2559 233 2600 libido
277 2559 480 2611 sequitur,
521 2557 740 2611 contingit
780 2558 823 2598 in
864 2557 959 2610 ipso
1000 2556 1265 2611 frequentius
1310 2557 1424 2598 furta
1464 2557 1558 2599 fieri

100 2627 330 2668 manifesta
361 2627 430 2667 vel
466 2627 651 2676 occulta,
673 2639 844 2667 necnon
870 2632 913 2667 et
944 2625 1177 2667 homicidia
1201 2639 1252 2667 ac
1283 2626 1551 2668 diuersorum
1575 2635 1615 2669 35

98 2706 307 2752 generum
333 2692 506 2743 scelera,
527 2693 792 2735 addentibus
821 2691 1021 2734 stimulos
1051 2691 1214 2734 mechis
1239 2698 1287 2734 vt
1311 2691 1443 2733 nichil
1462 2706 1551 2734 non

148 2804 167 2839 3
193 2794 293 2839 quod
320 2805 388 2828 om.
413 2796 448 2830 R
557 2805 580 2838 9
596 2797 687 2840 post
709 2801 795 2828 sunt
820 2793 904 2830 add.
926 2793 996 2829 hoc
1021 2799 1075 2830 est
1101 2793 1274 2830 custodes
1296 2794 1491 2830 domorum
1513 2796 1561 2830 N

101 2851 143 2886 23
169 2840 375 2888 predictum
396 2842 428 2877 C
541 2851 587 2887 30
611 2840 715 2889 iuris]
733 2840 830 2876 viros
848 2841 884 2876 R
