2022 3281
427 222 508 266 130
909 208 995 250 DE
1027 203 1388 249 SCACCARIO
1659 203 1716 264 [ΙΙ
1737 206 1810 248 viii
1832 215 1865 246 A

423 325 525 367 inde
550 325 681 366 breue
711 323 822 377 regis
849 324 905 365 ad
928 320 1191 363 scaccarium
1221 320 1303 361 sub
1332 318 1582 362 testimonio
1606 319 1867 375 presidentis

424 401 468 436 et
489 393 662 435 alterius
681 406 810 446 quem
833 390 1071 445 preceperit
1094 388 1136 428 in
1154 400 1242 441 quo
1263 400 1433 429 summa
1453 388 1526 429 illa
1542 390 1596 430 de
1616 402 1702 443 qua
1717 388 1867 430 testati

424 469 525 504 sunt
570 468 614 504 et
659 462 764 503 item
810 460 984 501 nomina
1030 458 1261 498 custodum
1306 457 1631 510 exprimantur;
1679 465 1723 500 et
1763 464 1867 499 tunc

423 532 601 573 demum
632 528 871 572 vicecomiti
900 525 1236 579 computabitur.
1297 524 1429 579 Quod
1458 525 1493 566 si
1522 539 1600 579 per
1628 526 1708 569 hec
1738 527 1870 568 missa

385 620 403 650 5
424 605 774 641 consummatum
809 596 923 649 regis
959 609 1071 648 opus
1106 594 1244 643 fuerit,
1281 595 1470 648 primum
1505 594 1612 636 illud
1651 596 1783 637 breue
1814 597 1870 636 de

422 667 673 710 necessariis
706 664 1016 713 ministrandis,
1048 664 1167 717 quod
1196 663 1439 704 vicecomiti
1475 663 1686 705 directum
1717 671 1794 715 est,
1825 669 1871 704 et

420 737 504 777 hoc
534 735 748 785 Vltimum,
769 734 887 787 quod
917 733 974 774 ad
1001 732 1264 773 scaccarium
1295 730 1359 782 fit,
1387 731 1430 772 in
1461 731 1600 772 forulo
1631 731 1871 773 marescalli

422 805 477 845 de
508 803 723 857 compotis
754 801 877 843 factis
907 800 1200 843 recluduntur.
1261 800 1308 842 Si
1340 800 1444 854 quid
1476 806 1622 841 autem
1651 806 1785 841 restat
1815 801 1872 842 de

420 874 516 927 ipso
553 886 685 926 opere
716 870 979 919 faciendum,
1009 870 1252 911 vicecomes
1292 870 1411 923 quod
1445 869 1527 910 sibi
1557 869 1771 910 directum
1806 874 1872 910 est

363 956 402 978 10
421 942 552 982 breue
578 954 715 994 vsque
742 940 797 981 ad
821 939 937 980 idem
966 952 1077 992 opus
1105 937 1371 992 completum
1393 952 1525 992 penes
1547 951 1595 979 se
1622 937 1872 988 reseruabit,

419 1016 467 1051 vt
497 1010 596 1051 hinc
625 1010 679 1050 sit
709 1009 747 1050 ei
774 1007 1010 1050 auctoritas
1039 1008 1158 1062 operi
1187 1006 1451 1060 perficiendo
1479 1006 1717 1048 necessaria
1747 1005 1872 1046 mini-

420 1086 569 1120 strare.
631 1078 865 1132 Reliquum
900 1091 1003 1118 vero
1037 1077 1080 1117 in
1115 1075 1255 1117 forulo
1296 1076 1353 1117 de
1389 1089 1476 1130 quo
1505 1076 1672 1117 dictum
1709 1080 1784 1125 est,
1807 1087 1873 1115 re-

422 1148 630 1190 cludetur.
692 1146 805 1188 Cum
835 1146 949 1188 enim
972 1145 1182 1187 scribatur
1205 1145 1247 1186 in
1269 1144 1412 1186 annali
1436 1144 1502 1185 ‘in
1523 1143 1775 1198 operatione
1801 1142 1875 1184 illa

421 1232 456 1259 c.
478 1215 631 1258 libras’
666 1222 842 1270 oportet
872 1220 1186 1267 consequenter
1217 1213 1377 1268 apponi
1401 1218 1505 1267 ‘per
1533 1213 1664 1254 breue
1695 1212 1808 1266 regis
1829 1217 1873 1253 et

363 1307 401 1339 15
422 1299 499 1341 per
532 1286 673 1327 visum
708 1285 863 1325 horum
896 1282 965 1324 N.'
1026 1282 1158 1336 Quod
1194 1282 1229 1323 si
1264 1296 1350 1323 non
1387 1288 1559 1323 extaret
1595 1281 1727 1323 breue
1762 1281 1874 1335 regis

375 1366 403 1397 B
421 1367 649 1396 numerum
670 1353 812 1407 ipsum
835 1359 878 1393 et
900 1352 1075 1392 nomina
1100 1351 1332 1392 custodum
1358 1351 1585 1392 continens
1610 1350 1719 1391 falsa
1739 1349 1874 1391 videri

421 1428 571 1478 posset
591 1422 802 1475 scriptura
824 1420 952 1462 rotuli
973 1420 1159 1461 dicentis
1180 1422 1189 1439 ‘
1204 1433 1281 1474 per
1305 1421 1437 1460 breue
1460 1416 1600 1473 regis.'

479 1491 736 1544 Dz‘scz'pzclus.
798 1490 849 1530 In
869 1490 953 1531 hoc
972 1488 1118 1530 verbo·
1131 1489 1192 1530 sic
1213 1489 1317 1529 mihi
1340 1487 1610 1528 satisfactum
1637 1494 1702 1528 est
1723 1493 1770 1528 vt
1789 1486 1872 1528 hiis

423 1561 478 1602 ad
500 1574 585 1614 que
606 1559 863 1613 requirenda
885 1558 970 1599 iam
992 1571 1067 1599 ora
1093 1556 1347 1599 laxaueram
1371 1562 1527 1609 sponte
1552 1556 1874 1610 supersedeam.

365 1644 406 1666 20
426 1629 540 1671 Cum
562 1629 675 1669 enim
696 1627 939 1669 vicecomiti
960 1626 1154 1667 delatum
1177 1626 1233 1667 sit
1254 1627 1388 1667 breue
1416 1625 1527 1677 regis
1549 1626 1604 1666 de
1626 1623 1873 1665 necessariis

424 1699 481 1740 ad
510 1698 592 1738 hoc
623 1697 691 1737 vel
722 1697 778 1738 ad
811 1696 917 1736 illud
949 1708 1058 1749 opus
1090 1694 1370 1744 inueniendis,
1402 1700 1445 1736 et
1476 1693 1531 1734 sit
1556 1693 1775 1734 adiectum
1807 1697 1876 1734 ‘et

425 1765 753 1819 computabitur
773 1765 852 1805 tibi
875 1764 931 1805 ad
953 1764 1214 1805 scaccarium
1233 1761 1241 1776 '
1264 1762 1333 1803 vel
1359 1762 1441 1803 hoc
1465 1765 1474 1782 ‘
1493 1761 1646 1802 Inueni
1671 1761 1725 1802 de
1750 1760 1876 1802 firma

425 1834 526 1876 tua'
575 1834 693 1887 quod
744 1833 940 1874 eiusdem
994 1845 1105 1886 pene
1157 1837 1224 1873 est
1273 1830 1558 1879 auctoritatis,
1609 1829 1875 1883 superfluum

426 1903 656 1945 videbatur
690 1908 737 1943 vt
767 1915 896 1955 super
927 1901 1014 1942 alio
1047 1900 1168 1941 breui
1197 1899 1408 1941 sollicitus
1444 1904 1571 1939 esset.
1633 1898 1726 1939 Nec
1759 1898 1875 1939 enim

370 1987 407 2018 25
429 1972 724 2026 intelligebam
764 1971 883 2024 quod
926 1970 968 2010 in
1018 1969 1112 2022 ipso
1157 1968 1278 2009 breui
1323 1980 1528 2008 numerus
1571 1974 1684 2008 esset
1731 1967 1877 2020 expri-

430 2041 615 2082 mendus
641 2046 688 2080 vt
713 2040 773 2081 sic
795 2040 838 2079 in
859 2038 1014 2080 eodem
1035 2037 1264 2079 verborum
1285 2044 1437 2079 tenore
1460 2036 1679 2078 autentico
1701 2048 1876 2090 respon-

429 2111 531 2152 deat
553 2108 710 2151 annali.

486 2178 719 2232 Magister.
784 2176 985 2230 Intellige
1014 2174 1208 2217 similiter
1237 2174 1355 2228 quod
1387 2174 1430 2215 in
1460 2173 1662 2215 scaccarii
1692 2172 1879 2227 negotiis

430 2261 552 2290 secus
588 2254 654 2288 est
685 2259 815 2300 quarn
847 2247 891 2287 in
922 2245 1026 2286 aliis.
1088 2244 1261 2286 Dicitur
1296 2243 1409 2284 enim
1443 2242 1486 2283 in
1517 2242 1732 2296 plerisque
1759 2241 1879 2295 quod

372 2330 413 2360 30
432 2319 441 2337 ‘
456 2330 663 2370 expressa
685 2322 844 2357 nocent
864 2328 951 2355 non
974 2326 1180 2367 expressa
1202 2326 1289 2352 non
1316 2310 1495 2353 nocent'
1514 2327 1523 2360 3
1552 2323 1701 2351 verum

564 2385 659 2426 ‘hic
696 2397 904 2439 expressa
936 2383 1086 2424 iuuant
1116 2387 1159 2422 et
1190 2394 1277 2422 non
1308 2393 1513 2434 expressa
1541 2376 1749 2432 fatigant)

430 2454 565 2496 Verbi
595 2453 734 2506 gratia
754 2467 764 2504 ;
785 2453 820 2493 si
842 2458 1015 2492 tenetur
1036 2450 1132 2504 quis
1149 2449 1239 2502 regi
1261 2449 1304 2489 in
1327 2462 1362 2489 c.
1388 2455 1432 2489 et
1453 2448 1583 2488 breue
1604 2447 1695 2488 eius
1713 2445 1881 2488 deferat

431 2522 488 2564 ad
505 2522 767 2564 scaccarium
796 2527 842 2562 vt
865 2520 1036 2574 quietus
1057 2519 1112 2560 sit
1133 2519 1187 2560 de
1209 2517 1358 2558 debito
1375 2516 1493 2570 quod
1516 2516 1555 2556 ei
1587 2514 1729 2565 debet,
1746 2515 1880 2557 addat

433 2591 564 2631 etiam
582 2596 689 2640 toto,
707 2596 749 2630 et
766 2602 941 2630 causam
957 2585 1089 2629 'simul
1107 2586 1324 2640 exprimat
1341 2590 1408 2625 set
1428 2597 1515 2625 non
1536 2597 1777 2634 numerum,
1794 2597 1880 2626 non

373 2670 412 2703 35
432 2664 611 2712 propter
631 2658 714 2700 hoc
734 2656 998 2708 absoluetur‚
1019 2662 1085 2698 set
1108 2655 1246 2708 magis
1267 2667 1343 2706 per
1363 2653 1445 2694 hoc
1466 2652 1721 2693 dilationem
1745 2665 1881 2706 vsque

365 2159 412 2194 ix

380 2213 413 2242 A

480 2782 501 2806 2
526 2778 563 2807 et
580 2783 647 2806 om.
664 2773 711 2807 N
808 2771 897 2819 quo]
918 2784 990 2818 qua
1010 2772 1056 2806 N
1144 2779 1167 2813 4
1191 2767 1398 2804 vicecomiti
1416 2779 1484 2802 om.
1501 2768 1537 2802 R
1629 2767 1743 2802 missa
1760 2778 1827 2801 om.
1846 2767 1881 2801 R

437 2827 477 2863 15
506 2819 635 2853 horum
653 2831 719 2854 om.
742 2819 773 2853 C
871 2831 945 2854 non
964 2831 1031 2854 om.
1049 2818 1097 2854 N
1187 2817 1231 2851 28
1260 2814 1456 2859 Intelligite
1472 2816 1507 2849 R
1600 2824 1657 2859 30,
1675 2824 1716 2858 31
1744 2819 1880 2849 nocent

432 2876 509 2901 non
527 2892 535 2900 .
555 2890 562 2899 .
580 2891 589 2900 .
606 2865 666 2900 hic
682 2877 856 2910 expressa
873 2877 940 2900 om.
957 2867 993 2900 R
1086 2874 1132 2909 30
1156 2874 1229 2908 non
1247 2872 1417 2908 expressa
1434 2872 1508 2898 non
1525 2868 1658 2898 nocent
1675 2873 1742 2897 om.
1762 2861 1794 2897 C
