2022 3281
122 163 138 195 1
160 168 186 195 v
208 153 244 208 1]
602 152 689 194 DE
722 150 1084 196 SCACCARIO
1519 164 1571 207 73

121 282 209 310 non
237 268 394 309 meruit
424 280 523 310 curn
554 268 774 310 sceleratis
804 266 1017 321 deputari.
1081 263 1174 323 [Ita
1203 271 1350 307 tamen
1380 265 1414 307 si
1451 264 1573 306 miles
1594 271 1628 303 H

123 350 209 378 non
232 336 370 384 fuerit,
392 338 447 378 de
470 336 679 378 militibus
697 350 885 390 namque
901 349 980 390 pro
1001 335 1185 390 pecunia
1202 335 1382 376 retentis
1398 334 1574 376 illustris

124 406 234 459 regis
256 413 322 447 est
351 406 606 447 constitutio
635 419 720 459 que
748 406 857 447 infra
883 405 1166 446 annotabitur
1189 404 1232 444 in
1258 403 1438 458 agendis
1458 403 1576 444 vice-

123 471 328 531 comitis.]
383 475 495 515 Item
517 477 573 517 ad
601 475 715 516 hunc
743 480 913 528 spectat
933 480 994 524 vt,
1021 479 1198 527 peracto
1227 479 1437 526 compoto
1462 472 1576 513 vice-

124 543 295 585 comitis
325 544 393 585 vel
420 544 613 585 custodis
639 543 708 585 vel
735 544 1027 596 cuiuscunque
1056 555 1240 595 persone
1266 554 1351 594 que
1379 541 1434 582 ad
1456 554 1575 582 com·
1598 556 1614 587 5

124 618 276 665 potum
313 612 485 661 residet,
518 612 649 653 fidem
690 612 746 654 ab
787 613 882 666 ipso
915 611 1124 665 suscipiat
1160 611 1203 652 in
1245 610 1420 664 publico
1457 609 1576 663 quod

122 680 369 733 legitimum
392 687 645 735 compotum
673 682 912 723 secundum
939 680 1245 722 conscientiam
1271 693 1393 720 suam
1420 678 1578 720 fecerit.

125 749 173 792 Si
195 765 297 792 vero
318 751 558 792 vicecomes
578 750 645 792 vel
668 751 741 804 qui
758 750 1032 804 computauit
1053 748 1199 802 aliquo
1220 749 1372 790 debito
1394 754 1579 797 tenetur,

124 820 260 861 addet
287 820 405 873 quod
434 833 460 860 a
487 819 714 870 scaccario,
735 818 820 861 hoc
848 825 913 860 est
941 833 967 860 a
994 818 1169 872 leugata
1195 817 1295 858 ville
1320 818 1477 871 in²qua
1502 823 1579 865 est,

127 901 213 929 non
235 888 440 937 discedet,
456 888 537 929 nisi
565 888 659 941 ipsa
687 888 758 929 die
783 888 1013 936 rediturus,
1035 888 1128 929 sine
1145 886 1325 928 licencia
1351 887 1577 927 baronum.
1601 898 1640 920 10

126 957 240 998 Item
276 957 346 999 hic
378 957 514 998 factas
550 957 910 998 summonitiones
951 962 1101 997 contra
1134 956 1369 996 terminum
1404 954 1580 996 alterius

126 1026 326 1068 scaccarii
348 1040 373 1067 a
395 1026 532 1067 latore
557 1025 685 1079 sigilli
713 1025 816 1079 regii
845 1025 1039 1078 signatas
1064 1025 1145 1065 sub
1174 1037 1354 1065 numero
1375 1024 1580 1078 suscipiet

127 1102 171 1135 et
191 1094 398 1136 hostiario
418 1094 651 1149 superioris
672 1094 874 1135 scaccarii
901 1107 978 1148 per
1000 1107 1176 1134 manum
1205 1107 1329 1133 suam
1351 1093 1581 1135 distribuet

127 1177 204 1217 per
237 1163 448 1216 Angliam
479 1162 749 1204 deferendas.
810 1161 883 1204 Sic
913 1162 1047 1203 habes
1079 1175 1228 1203 eorum
1259 1161 1334 1215 qui
1366 1161 1409 1201 in
1439 1161 1581 1215 primo

128 1246 287 1273 scanno
307 1232 497 1273 resident
519 1231 663 1273 officia
683 1231 907 1272 distincta.
1606 1244 1641 1276 ¹5

187 1301 238 1341 In
260 1301 401 1354 capite
421 1314 523 1341 vero
545 1301 733 1341 secunde
760 1300 874 1342 sedis
899 1299 1063 1354 primus
1085 1305 1150 1340 est
1178 1298 1369 1340 seruiens
1391 1312 1583 1340 camera-

129 1369 302 1420 riorum,
333 1369 511 1410 clericus
542 1383 618 1410 seu
649 1369 797 1420 laicus,
829 1370 950 1410 cuius
982 1369 1171 1409 officium
1204 1368 1353 1421 paucis
1389 1368 1585 1422 expediri

128 1444 284 1492 potest,
315 1439 448 1478 verbo
487 1445 635 1479 tamen
667 1452 756 1479 non
788 1451 931 1491 opere.
993 1437 1078 1478 Hic
1109 1437 1246 1478 taleas
1282 1438 1338 1478 de
1378 1437 1584 1478 thesauro

127 1515 280 1550 contra
318 1508 633 1557 vicecomitem,
663 1507 733 1548 vel
762 1521 863 1548 eum
903 1507 978 1560 qui
1009 1512 1250 1560 computat,
1283 1506 1497 1548 ministrat
1529 1512 1585 1557 et,

130 1590 229 1617 cum
261 1578 516 1630 oportuerit,
549 1577 789 1618 secundum
820 1577 940 1630 quod
972 1577 1084 1617 ratio
1113 1575 1450 1629 computationis
1480 1590 1583 1616 exe·
1607 1588 1647 1610 20

130 1646 254 1701 gerit,
277 1652 418 1687 mutat
442 1646 509 1687 vel
543 1647 699 1686 minuit
723 1645 790 1687 vel
822 1646 947 1686 addit
978 1645 1020 1686 in
1056 1645 1183 1695 talea,
1209 1645 1411 1699 apposita
1442 1644 1584 1685 eidem

129 1715 398 1756 contratalea
440 1715 737 1765 vicecomitis;
790 1728 878 1768 quo
929 1713 1044 1756 facto
1097 1714 1141 1754 in
1182 1715 1368 1755 termino
1421 1714 1586 1755 Pasche

130 1784 373 1837 longiorem
419 1784 662 1825 vicecomiti
712 1784 867 1834 reddit,
909 1783 1067 1824 iterum
1118 1783 1161 1824 in
1210 1783 1399 1824 termino
1448 1784 1585 1824 sancti
1605 1789 1623 1820 Ι

133 1851 357 1893 Michaelis
389 1852 669 1893 afferendam.
734 1852 784 1892 In
822 1852 1008 1893 termino
1048 1866 1150 1893 vero
1177 1851 1315 1893 sancti
1347 1851 1586 1903 Michaelis,

133 1934 231 1962 cum
270 1921 312 1960 in
344 1920 488 1961 rotulo
519 1934 692 1961 summa
723 1921 815 1961 eius
850 1921 1014 1974 scripto
1043 1920 1169 1961 fuerit
1200 1921 1422 1973 deputata,
1454 1921 1587 1961 tradit
1610 1937 1647 1968 25

134 1990 319 2030 eandem
342 1987 583 2042 longiorem
608 1988 864 2030 marescallo
886 1989 929 2028 in
952 1988 1092 2029 forulo
1112 2002 1191 2029 suo
1213 1989 1523 2042 reponendam.

190 2056 450 2109 Discipulus.
511 2058 649 2097 Miror
689 2058 809 2110 quod
841 2057 992 2098 dixisti
1024 2056 1183 2097 taleam
1215 2056 1350 2097 semel
1381 2063 1587 2111 compoto

135 2125 327 2167 oblatam
349 2131 392 2166 et
415 2132 632 2180 receptam
656 2126 810 2166 iterum
833 2126 905 2166 alii
927 2131 1136 2178 compoto
1159 2124 1433 2167 offerendam.

192 2194 424 2247 Magister.
485 2195 587 2235 Noli
619 2194 777 2244 mirari,
809 2195 1014 2247 quoniam
1046 2206 1303 2246 quecunque
1333 2199 1492 2235 exacta
1518 2193 1586 2234 vel

134 2263 276 2305 soluta
307 2262 467 2304 fuerint
491 2278 517 2304 a
547 2263 801 2304 vicecomite
831 2263 873 2303 in
905 2263 1088 2304 termino
1121 2262 1297 2312 Pasche,
1319 2275 1493 2304 necesse
1525 2269 1589 2304 est
1612 2278 1652 2310 30

135 2333 291 2373 iterum
322 2333 614 2382 summoneri;
646 2346 733 2373 non
765 2338 913 2374 tamen
946 2338 992 2372 ut
1023 2331 1215 2372 secundo
1247 2331 1441 2372 soluatur
1471 2333 1590 2385 quod

136 2403 222 2442 iam
252 2401 446 2442 solutum
478 2400 619 2450 fuerit,
656 2407 722 2442 set
754 2407 803 2442 ut
834 2399 1020 2442 offerant
1051 2414 1096 2441 se
1127 2406 1336 2454 compoto
1367 2407 1411 2441 et
1442 2399 1591 2442 oblata

135 2469 250 2511 talea
281 2469 505 2511 solutionis
537 2471 623 2510 iam
655 2470 822 2511 dudum
854 2468 966 2510 facte
998 2469 1219 2523 redigatur
1255 2469 1298 2508 in
1329 2469 1590 2522 scripturam

137 2538 267 2580 rotuli
307 2544 351 2579 et
390 2538 452 2580 sic
491 2539 746 2580 absoluatur
795 2552 822 2580 a
861 2538 1027 2579 debito.
1108 2537 1227 2577 Dum
1268 2538 1385 2578 enim
1428 2537 1588 2579 taleam

188 2647 203 2673 1
224 2650 308 2673 cum
326 2650 395 2674 om.
413 2640 459 2674 N
525 2650 545 2684 3
563 2639 779 2675 constitutio
796 2645 852 2674 est
869 2639 950 2673 RN
1018 2647 1035 2682 5
1056 2638 1116 2684 qui
1137 2638 1168 2673 C
1254 2648 1276 2683 9
1294 2639 1364 2674 hoc
1381 2644 1437 2674 est
1455 2640 1554 2684 quod
1571 2651 1593 2674 a

140 2687 288 2730 leugata
307 2686 337 2721 C
425 2696 466 2721 12
484 2688 570 2722 lat’e
589 2688 621 2722 C
688 2686 784 2731 regis
806 2687 837 2721 C
904 2695 947 2729 23
967 2686 1003 2720 in
1021 2697 1089 2719 om.
1106 2686 1142 2719 R
1214 2694 1255 2728 27
1275 2685 1417 2721 dixistis
1434 2687 1482 2720 N
1548 2688 1592 2721 28

140 2733 304 2767 ablatam
314 2733 361 2766 N
393 2741 429 2768 et
437 2732 640 2779 receptam]
648 2740 796 2778 recepte
807 2733 868 2767 N:
885 2733 996 2766 om.R
1042 2732 1174 2767 iterum
1186 2744 1254 2766 om.
1265 2733 1390 2775 Msed
1394 2737 1448 2767 est
1457 2734 1594 2768 lacuna

141 2780 202 2814 alii
217 2790 286 2813 om.
299 2780 334 2813 R
470 2790 514 2825 29
531 2781 707 2826 quoniam
725 2777 954 2826 quecunque]
973 2779 1147 2824 quoniam
1160 2779 1366 2825 quicunque
1379 2781 1434 2814 R:
1463 2792 1530 2815 om.
1541 2781 1593 2823 N,

140 2827 206 2861 sed
215 2830 268 2860 est
280 2827 415 2861 lacuna
492 2837 536 2871 30
553 2827 660 2863 suerit
678 2828 726 2862 N
803 2836 842 2871 31
864 2826 995 2861 iterato
1012 2827 1089 2861 NR
1170 2835 1214 2872 33
1231 2826 1387 2873 dudum]
1406 2827 1544 2863 dictum
1561 2827 1597 2861 R

199 2908 237 2926 DE
250 2908 339 2926 scacc-
863 2894 892 2926 L
