2022 3281
104 186 122 219 1
144 177 203 219 iiii
224 177 272 232 C]
598 179 685 221 DE
718 178 1077 223 SCACCARIO
1511 178 1562 234 67

106 298 319 344 quantum
342 291 398 334 de
418 291 519 334 albo
542 291 665 334 firme
686 306 767 346 pro
789 291 971 346 singulis
993 292 1111 334 libris
1132 291 1300 334 soluere
1321 298 1563 334 teneantur.

107 360 197 402 Sed
219 360 300 402 hec
322 360 434 402 ratio
456 375 617 415 cogens
635 369 702 402 est
723 363 779 403 de
801 360 922 402 firme
943 361 1159 403 solutione
1177 374 1263 402 non
1285 362 1340 403 de
1362 363 1565 403 scaccarii

105 428 309 470 sessione.
372 429 575 482 [Videtur
591 437 736 472 autem
754 430 815 472 eis
829 430 1007 471 obuiare
1024 430 1097 483 qui
1111 430 1262 472 dicunt
1277 431 1427 471 album
1443 430 1567 472 firme

104 511 132 539 a
151 498 423 551 temporibus
449 498 699 553 Anglorum
730 499 895 553 cepisse
926 500 1044 553 quod
1073 500 1117 540 in
1145 499 1252 541 libro
1274 499 1496 541 iudiciario
1522 500 1566 539 in

105 581 196 621 quo
226 567 360 609 totius
396 569 518 622 regni
550 569 788 623 descriptio
819 569 1008 622 diligens
1038 569 1286 611 continetur
1316 575 1359 610 et
1387 575 1478 610 tam
1510 570 1565 611 de
1585 588 1602 620 5

104 643 304 690 tempore
331 638 444 691 regis
478 638 684 679 Edwardi
716 652 850 691 quam
882 639 937 679 de
969 644 1168 692 tempore
1199 639 1311 692 regis
1342 637 1565 688 Willelmi,

104 706 186 747 sub
203 719 292 759 quo
306 705 445 748 factus
461 713 540 754 est,
558 707 827 761 singulorum
844 706 1077 766 fundorum
1093 706 1288 749 valencia
1305 706 1566 761 exprimitur

105 773 225 815 nulla
257 788 434 828 prorsus
471 776 526 816 de
559 776 660 816 albo
693 775 815 816 firme
849 776 898 816 fit
935 777 1112 817 mentio.
1171 776 1301 817 Vnde
1337 776 1566 829 probabile

104 844 279 885 videtur
301 845 420 896 quod
442 844 557 885 facta
579 844 653 885 illa
680 844 974 898 descriptione
994 851 1196 899 tempore
1214 844 1300 885 iam
1324 844 1429 886 dicti
1451 845 1566 898 regis

105 913 161 954 de
182 912 284 953 albo
310 912 531 954 firmarum
549 913 677 954 fuerit
699 927 724 953 a
741 913 946 954 studiosis
968 914 1061 954 eius
1078 913 1368 955 constitutum
1386 920 1566 967 propter
1584 914 1625 981 1¹30

104 995 256 1023 causas
293 995 379 1034 que
423 981 598 1023 inferius
638 978 942 1037 annotantur.]
1005 981 1296 1035 Quocumque
1325 996 1428 1023 vero
1457 987 1564 1022 tem—

107 1064 213 1104 pore
272 1051 435 1104 ceperit
485 1064 586 1091 vsus
637 1050 741 1099 eius,
796 1056 963 1091 certum
1015 1057 1079 1091 est
1129 1051 1249 1104 quod
1305 1063 1565 1104 magnorum

105 1120 366 1161 auctoritate
392 1120 622 1161 roboratur
652 1120 764 1160 adeo
794 1125 842 1159 vt
870 1118 976 1159 nulli
1006 1118 1134 1160 liceat
1165 1126 1332 1161 statuta
1364 1120 1564 1161 scaccarii

104 1188 334 1242 infringere
354 1188 422 1229 vel
450 1188 510 1229 eis
532 1187 685 1241 quauis
713 1188 965 1228 temeritate
990 1187 1201 1228 resistere.
1266 1187 1417 1228 Habet
1447 1188 1563 1228 enim

106 1257 191 1299 hoc
223 1270 456 1298 commune
488 1270 587 1297 cum
629 1257 724 1309 ipsa
755 1256 924 1297 domini
963 1256 1077 1308 regis
1122 1256 1238 1296 curia
1268 1256 1311 1296 in
1349 1269 1436 1308 qua
1471 1256 1563 1309 ipse

106 1327 151 1367 in
188 1326 362 1380 propria
405 1338 592 1379 persona
627 1325 720 1365 iura
761 1324 964 1366 discernit
1005 1325 1124 1378 quod
1161 1338 1240 1365 nec
1275 1324 1564 1366 recordationi

106 1408 186 1436 nec
226 1394 440 1436 sententie
475 1394 517 1434 in
560 1406 612 1434 eo
653 1393 742 1435 late
776 1393 879 1434 licet
917 1393 1046 1434 alicui
1077 1393 1386 1435 contradicere.
1446 1392 1565 1435 Huic

103 1469 251 1504 autem
281 1463 395 1504 curie
422 1468 513 1503 tam
538 1462 715 1516 insignis
741 1462 976 1503 auctoritas
1006 1468 1072 1502 est
1098 1475 1197 1503 cum
1230 1469 1413 1515 propter
1448 1463 1565 1515 regie

103 1532 323 1586 ymaginis
367 1530 673 1573 excellentiam
721 1545 807 1584 que
854 1531 899 1571 in
938 1530 1082 1585 sigillo
1130 1531 1221 1572 eius
1268 1530 1312 1571 in
1360 1531 1565 1573 thesauro

103 1601 328 1642 indiuidua
358 1600 454 1653 lege
488 1606 688 1641 seruatur
723 1606 817 1641 tum
851 1606 1031 1653 propter
1071 1613 1146 1641 eos
1179 1600 1252 1653 qui
1287 1600 1481 1642 assident
1516 1609 1563 1642 vt
1586 1623 1626 1645 20

104 1670 271 1712 dictum
302 1675 369 1712 est
400 1683 586 1723 quorum
620 1669 813 1710 sollertia
844 1675 964 1711 totus
996 1670 1117 1724 regni
1149 1675 1287 1710 status
1316 1670 1564 1724 indempnis

104 1746 314 1781 seruatur.
376 1739 471 1780 Illic
501 1739 617 1780 enirn
650 1739 809 1780 residet
836 1738 1033 1791 capitalis
1059 1738 1227 1779 domini
1252 1739 1362 1792 regis
1387 1738 1565 1790 iustitia,

104 1808 270 1862 primus
291 1815 392 1862 post
421 1821 567 1862 regem
594 1808 636 1848 in
658 1821 794 1861 regno
823 1808 991 1849 ratione
1013 1807 1106 1858 sori,
1129 1813 1171 1848 et
1198 1807 1383 1848 maiores
1404 1808 1565 1861 quique

106 1877 161 1918 de
189 1891 326 1931 regno
361 1877 434 1931 qui
466 1876 718 1918 familiarius
752 1876 878 1929 regiis
913 1876 1089 1917 secretis
1125 1876 1333 1917 assistunt
1362 1882 1410 1917 vt
1444 1877 1565 1930 quod

105 1946 231 1987 fuerit
259 1947 339 1987 sub
365 1951 588 1987 tantorum
617 1945 834 1999 presentia
865 1945 1156 1986 constitutum
1186 1944 1254 1985 vel
1284 1945 1563 1986 terminatum
1587 1967 1625 1998 25

106 2014 347 2055 inuiolabili
370 2014 460 2055 iure
483 2014 707 2055 subsistat.
758 2014 925 2054 Verum
942 2013 1120 2067 quidam
1139 2026 1197 2053 ex
1214 2013 1368 2064 officio,
1384 2014 1564 2066 quidam

107 2097 165 2124 ex
186 2083 281 2124 sola
303 2084 493 2124 iussione
514 2082 720 2136 principis
742 2082 945 2123 resident.
1009 2082 1083 2122 Ex
1110 2080 1254 2123 officio
1275 2082 1566 2136 principaliter

105 2152 278 2203 residet,
300 2152 436 2193 immo
458 2159 500 2193 et
530 2151 735 2205 presidet,
759 2151 923 2204 primus
949 2150 992 2191 in
1015 2163 1160 2204 regno,
1182 2151 1377 2204 capitalis
1401 2151 1565 2193 scilicet

107 2221 280 2263 iustitia.
343 2221 458 2262 Huic
495 2227 642 2261 autem
678 2221 873 2262 assident
913 2233 972 2260 ex
1004 2220 1098 2260 sola
1142 2219 1328 2260 iussione
1360 2220 1564 2274 principis

107 2297 411 2331 momentanea
425 2289 588 2331 scilicet
601 2296 646 2331 et
663 2288 814 2330 mobili
830 2288 1088 2330 auctoritate
1099 2288 1276 2341 quidam
1292 2289 1364 2342 qui
1381 2289 1565 2330 maiores
1585 2299 1626 2330 30

106 2366 151 2400 et
186 2359 457 2400 discretiores
492 2358 695 2399 videntur
731 2358 773 2398 in
816 2371 950 2410 regno
985 2358 1078 2398 siue
1114 2358 1170 2398 de
1203 2357 1318 2398 clero
1353 2358 1439 2399 sint
1472 2358 1610 2399 siueC

107 2428 162 2469 de
192 2428 322 2469 curia.
374 2427 587 2468 Assident
613 2427 790 2480 inquam
822 2427 877 2467 ad
908 2425 1192 2467 discernenda
1224 2426 1317 2467 iura
1349 2432 1392 2467 et
1433 2426 1564 2468 dubia

107 2497 439 2538 determinanda
469 2510 554 2550 que
585 2496 832 2548 frequenter
857 2508 914 2535 ex
945 2495 1234 2536 incidentibus
1265 2495 1565 2548 questionibus

108 2566 319 2606 oriuntur.
380 2565 483 2606 Non
527 2565 643 2606 enirn
686 2565 729 2605 in
771 2564 1007 2605 ratiociniis
1047 2564 1123 2604 sed
1165 2563 1209 2604 in
1251 2563 1565 2617 multiplicibus

109 2633 278 2674 iudiciis
308 2633 528 2675 excellens
558 2633 760 2675 scaccarii
793 2633 975 2674 scientia
1005 2632 1216 2673 consistit.
1277 2632 1422 2675 Facile
1446 2634 1563 2675 enim
1584 2654 1623 2686 35

158 2720 243 2756 5-11
272 2712 374 2757 regni
392 2738 401 2747 .
420 2739 428 2747 .
447 2738 455 2747 .
474 2718 699 2747 annotantur
714 2712 767 2746 N
763 2711 775 2730 ³
882 2712 904 2747 6
931 2712 978 2746 de
995 2719 1161 2756 tempore
1178 2723 1247 2746 om.
1265 2709 1309 2746 N
1419 2722 1461 2755 14
1485 2712 1564 2748 eius

109 2759 229 2804 quiuis
249 2759 280 2794 C
361 2768 401 2802 17
420 2759 457 2794 in
476 2759 534 2805 eo]
553 2759 630 2795 eius
648 2760 684 2794 R
763 2758 850 2794 licet
868 2766 904 2793 et
923 2758 1030 2793 alicui
1048 2759 1084 2792 R
1167 2760 1207 2793 18
1234 2759 1280 2795 de
1297 2759 1470 2795 thesauro
1487 2761 1565 2794 NR

110 2815 152 2840 21
180 2806 387 2851 indempnis
406 2813 524 2842 status
540 2807 587 2841 N
679 2806 724 2842 26
749 2817 793 2842 ex
809 2806 930 2841 officio
948 2805 1099 2851 quidam
1117 2816 1184 2840 om.
1204 2806 1239 2840 R
1342 2816 1383 2851 31
1404 2807 1505 2852 regio
1524 2807 1569 2842 N

110 2863 130 2897 3
135 2861 152 2898 5
180 2852 365 2898 consistit]
383 2854 542 2890 consulit
560 2854 596 2888 R
