2022 3281
460 159 517 211 56
950 158 1037 200 DE
1068 157 1431 202 SCACCARIO
1688 154 1847 214 [PREF.
1870 167 1902 199 A

453 270 534 312 sibi
565 270 825 323 blandiatur,
856 285 956 313 cum
988 272 1043 313 de
1073 270 1322 313 huiusmodi
1352 270 1561 325 scriptum
1593 269 1649 312 sit
1676 270 1907 312 ‘Potentes

454 345 655 393 potenter
682 345 899 381 tormenta
926 338 1169 393 patientur.’
1232 339 1372 392 Igitur
1399 339 1729 392 qualiscumque
1757 339 1814 380 sit
1837 337 1906 379 vel

452 407 653 449 videatur
683 407 940 461 adquirendi
971 421 1101 450 causa
1130 406 1201 448 vel
1236 407 1406 458 modus,
1441 407 1523 448 hiis
1555 408 1628 461 qui
1663 407 1718 448 ad
1755 419 1907 448 eorum

453 477 698 518 custodiam
736 491 794 517 ex
828 476 970 517 officio
1003 477 1274 529 deputantur
1310 489 1414 516 cura
1445 476 1662 517 remissior
1694 489 1786 516 esse
1819 488 1908 516 non

415 558 433 590 5
455 544 597 597 debet,
629 551 695 586 set
731 546 773 585 in
809 544 973 585 eisdem
1007 544 1335 598 congregandis,
1372 545 1682 586 conseruandis
1713 544 1781 585 vel
1820 544 1906 585 dis-

453 613 697 654 tribuendis
722 611 952 653 sollicitam
982 614 1108 654 decet
1130 625 1224 653 esse
1248 612 1523 665 diligentiam
1544 614 1668 666 quasi
1694 613 1907 654 rationem

453 682 686 723 reddituris
713 681 768 722 de
797 681 919 734 regni
948 687 1065 722 statu
1087 681 1162 734 qui
1188 694 1265 735 per
1285 680 1365 722 hec
1396 680 1625 721 incolumis
1647 686 1906 734 perseuerat.

407 754 434 784 B
454 749 668 790 Nouimus
703 749 881 802 quidem
918 750 1162 803 prudentia,
1193 749 1459 795 fortitudine,
1492 750 1781 802 temperantia
1814 749 1908 790 siue

452 817 631 867 iustitia,
647 817 888 871 ceterisque
904 818 1136 860 virtutibus
1154 817 1450 871 principaliter
1467 831 1599 871 regna
1616 817 1705 871 regi
1728 817 1908 871 iuraque

396 902 435 925 10
452 886 696 936 subsistere,
726 887 842 928 vnde
872 892 916 928 et
947 886 1028 927 hiis
1059 886 1210 928 mundi
1242 886 1482 928 rectoribus
1514 886 1618 927 totis
1649 892 1714 927 est
1744 886 1908 927 viribus

452 954 753 996 insistendum.
815 954 894 996 Set
926 955 976 996 fit
1011 955 1228 996 interdum
1260 960 1308 995 vt
1341 954 1458 1007 quod
1490 968 1598 995 sano
1629 954 1809 996 consilio
1839 953 1907 995 vel

452 1022 683 1065 excellenti
730 1030 877 1065 mente
921 1023 1164 1077 concipitur
1206 1023 1502 1065 intercedente
1549 1023 1731 1076 pecunia
1778 1022 1908 1064 citius

453 1092 728 1134 conualescat
772 1099 816 1134 et
857 1093 977 1146 quod
1018 1092 1193 1134 difficile
1237 1093 1469 1133 videbatur
1513 1105 1590 1146 per
1630 1092 1742 1133 hanc
1785 1091 1908 1146 quasi

454 1174 529 1215 per
564 1162 788 1214 quandam
829 1161 1100 1215 negotiorum
1142 1161 1370 1202 metodum
1413 1160 1584 1202 facilem
1617 1166 1909 1213 consequatur

395 1239 432 1271 15
453 1229 669 1271 effectum.
730 1230 836 1271 Non
868 1229 1007 1271 solum
1043 1236 1191 1271 autem
1228 1229 1481 1271 hostilitatis
1516 1235 1583 1270 set
1625 1229 1757 1270 etiam
1792 1229 1908 1282 pacis

453 1305 650 1353 tempore
685 1298 925 1341 necessaria
955 1298 1139 1340 videtur.
1202 1298 1284 1339 Illo
1319 1298 1435 1339 enim
1476 1297 1518 1338 in
1560 1297 1803 1351 municipiis
1839 1297 1907 1338 fir-

454 1368 639 1419 mandis,
660 1368 702 1408 in
723 1367 947 1421 stipendiis
971 1367 1264 1408 ministrandis
1293 1372 1337 1408 et
1366 1366 1409 1407 in
1438 1366 1532 1408 aliis
1558 1366 1777 1419 plerisque
1801 1364 1907 1408 locis

453 1449 532 1490 pro
564 1436 773 1489 qualitate
805 1449 1090 1490 personarum
1123 1436 1179 1477 ad
1213 1435 1562 1477 conseruandum
1596 1434 1712 1488 regni
1743 1440 1906 1476 statum

454 1504 716 1555 effunditur3
748 1504 830 1545 hoc
859 1518 975 1554 vero,
997 1504 1098 1546 licet
1125 1517 1247 1545 arma
1273 1504 1508 1557 quiescant,
1535 1516 1561 1543 a
1588 1503 1758 1544 deuotis
1788 1503 1906 1557 prin-

395 1586 436 1608 20
454 1574 619 1628 cipibus
646 1579 956 1615 construuntur
983 1572 1173 1624 basilice,
1197 1572 1394 1614 Christus
1423 1572 1550 1614 alitur
1576 1578 1620 1613 et
1649 1571 1834 1613 vestitur
1865 1570 1907 1611 in

455 1656 647 1696 paupere
677 1648 721 1683 et
751 1643 907 1683 ceteris
936 1641 1138 1695 operibus
1170 1641 1463 1683 misericordie
1493 1641 1734 1683 insistendo
1768 1654 1907 1680 mam-

455 1725 588 1753 mona
627 1711 909 1752 distribuitur.
971 1710 1022 1750 In
1062 1710 1287 1763 vtriusque
1325 1724 1427 1751 vero
1467 1709 1678 1763 temporis
1722 1709 1908 1750 strenuis

454 1779 622 1821 actibus
652 1779 792 1833 gloria
822 1778 1067 1832 principum
1099 1785 1192 1829 est3
1233 1785 1299 1820 set
1328 1777 1506 1819 excellit
1536 1778 1579 1818 in
1611 1778 1692 1818 hiis
1723 1777 1797 1818 vbi
1826 1790 1907 1831 pro

455 1848 769 1903 temporalibus
804 1847 1025 1900 impensis,
1062 1846 1174 1887 felici
1211 1846 1489 1888 mercimonio
1524 1859 1726 1887 mansura
1761 1858 1906 1887 succe·

397 1929 435 1962 25
456 1918 578 1959 dunt.
640 1917 708 1958 Ea
743 1923 933 1969 propter,
967 1930 1046 1956 rex
1081 1915 1268 1963 illustris,
1308 1916 1626 1957 mundanorum
1661 1915 1908 1968 principum

456 1985 661 2035 maxime,
682 1986 784 2039 quia
810 1998 914 2039 sepe
941 1990 986 2025 te
1009 1984 1196 2024 vidimus
1218 1989 1402 2037 Vtroque
1432 1990 1631 2038 tempore
1662 1982 1910 2037 gloriosum,

455 2068 544 2096 non
571 2060 820 2108 parcentem
848 2053 1025 2106 quidem
1053 2051 1233 2106 pecunie
1261 2051 1484 2100 thesauris,
1507 2058 1573 2093 set
1599 2066 1678 2105 pro
1700 2051 1809 2102 loco,
1830 2066 1909 2106 pro

455 2129 666 2177 tempore,
707 2137 787 2178 pro
829 2121 1034 2175 personis,
1073 2120 1300 2175 legittimis
1341 2121 1588 2174 sumptibus
1628 2121 1909 2173 insistentem,

457 2192 679 2233 modicum
711 2205 823 2245 opus
864 2189 1122 2232 excellentie
1152 2195 1227 2230 tue
1273 2190 1544 2239 deuouimus,
1576 2203 1662 2231 non
1693 2190 1749 2230 de
1780 2189 1909 2230 rebus

397 2274 438 2306 30
456 2261 633 2314 quidem
679 2260 850 2313 magnis
888 2258 958 2300 vel
997 2258 1222 2299 luculento
1261 2272 1460 2300 sermone
1500 2257 1803 2310 compositum,
1842 2261 1910 2298 set

456 2328 615 2383 agresti
637 2327 735 2369 stilo
758 2329 813 2369 de
834 2327 1038 2369 scaccarii
1059 2326 1123 2368 tui
1145 2326 1397 2368 necessariis
1419 2325 1722 2367 obseruanciis.
1776 2325 1910 2365 Porro

456 2410 586 2450 super
613 2397 695 2438 hiis
722 2403 766 2438 te
786 2396 972 2437 vidimus
1001 2395 1264 2448 quandoque
1291 2393 1538 2439 sollicitum,
1561 2393 1673 2434 adeo
1695 2399 1743 2434 vt
1770 2392 1909 2434 missis

457 2478 484 2506 a
505 2465 638 2506 latere
660 2471 735 2505 tuo
755 2464 856 2506 viris
884 2463 1080 2505 discretis
1108 2463 1164 2503 de
1194 2463 1349 2503 eodem
1375 2462 1603 2503 dominum
1633 2468 1735 2502 tunc
1763 2460 1909 2501 Elien-

458 2546 551 2574 sem
572 2533 839 2574 conueneris.
891 2532 986 2573 Nec
1006 2531 1085 2572 fuit
1105 2530 1343 2571 absurdum
1361 2536 1452 2571 tam
1471 2528 1725 2570 excellentis
1746 2528 1910 2583 ingenii

507 2653 527 2687 3
553 2642 624 2687 vel]
646 2650 709 2679 aut
728 2645 759 2680 C
876 2642 964 2688 hiis]
978 2643 1083 2678 hisR
1176 2642 1198 2677 6
1223 2639 1346 2685 decet]
1360 2641 1472 2676 debet
1486 2641 1518 2676 C
1618 2640 1716 2688 esse]
1729 2642 1867 2678 habere
1883 2643 1914 2678 C

460 2697 479 2733 7
506 2689 717 2733 reddituris]
736 2691 945 2726 redditurus
966 2691 997 2725 C
1089 2689 1292 2724 incolumus
1312 2689 1343 2724 C
1421 2689 1511 2733 8—13
1532 2688 1714 2723 Nouimus
1733 2715 1741 2724 .
1760 2715 1769 2724 .
1787 2715 1796 2724 .
1814 2690 1910 2724 hanc

459 2736 543 2772 add.
562 2735 622 2770 N*2
756 2748 788 2781 9,
811 2747 852 2772 ιο
879 2738 1029 2782 iuraque
1055 2735 1253 2772 subsistere
1270 2747 1337 2770 om.
1356 2735 1404 2769 N
1519 2745 1571 2777 12,
1593 2745 1633 2779 13
1660 2734 1910 2771 intercedente

461 2809 470 2818 .
496 2809 504 2817 .
531 2809 540 2818 .
573 2782 766 2818 videbatur
786 2785 832 2819 C:
853 2796 923 2820 om.
939 2785 1018 2818 NR
1178 2791 1218 2825 17
1245 2781 1282 2817 in
1300 2781 1492 2827 stipendiis
1516 2782 1768 2817 ministrandis
1787 2794 1857 2819 om.
1874 2783 1909 2818 R

460 2839 505 2875 23
530 2828 660 2876 gloria]
679 2830 804 2875 gracia
820 2831 857 2866 R
955 2839 996 2875 31
1025 2828 1178 2866 scacarii
1194 2830 1231 2864 R
1333 2838 1378 2873 32
1404 2836 1442 2864 vt
1458 2828 1598 2875 missis]
1617 2829 1761 2866 solliciti
1777 2830 1814 2866 R
