2022 3281
420 163 502 213 146
905 164 991 205 DE
1024 161 1381 206 SCACCARIO
1656 164 1713 223 [ΙΙ
1735 167 1812 208 xiii
1835 176 1861 209 C

471 284 728 337 Dz‘scz'pulus.
791 283 933 325 Cerno
969 282 1086 335 quod
1121 281 1164 322 in
1196 282 1396 325 omnibus
1427 283 1607 325 modum
1639 293 1862 328 seruantes

415 367 586 406 semper
607 353 735 407 regiis
757 352 998 393 commodis
1020 350 1237 391 inheretis.

472 421 702 474 Magister.
764 419 1019 461 Memoriter
1045 425 1166 460 tenes
1193 418 1298 472 quid
1327 419 1381 459 de
1405 419 1568 462 ciuibus
1588 422 1656 463 vel
1677 423 1861 476 burgen-

420 490 536 530 sibus
569 502 654 530 non
692 488 959 529 soluentibus
990 487 1048 528 sit
1082 487 1312 541 agendum.
1372 486 1504 540 Quod
1535 488 1570 529 si
1600 489 1711 531 forte
1741 491 1863 531 miles

366 550 575 614 {aliquis
606 557 672 598 vel
708 556 815 597 liber
849 556 957 596 alius
993 570 1019 597 a
1053 555 1118 597 sui
1154 561 1293 596 status
1328 555 1552 609 dignitate,
1583 558 1698 610 quod
1736 560 1862 610 absit,

416 627 683 679 degenerans
711 623 1046 677 multiplicandis
1074 623 1260 665 denariis
1283 637 1359 676 per
1380 623 1554 675 publica
1575 627 1863 676 mercimonia,

412 695 480 736 vel
514 708 592 747 per
622 693 918 747 turpissimum
954 706 1091 747 genus
1125 699 1313 746 questus,
1348 693 1467 745 quod
1509 700 1574 735 est
1613 709 1690 748 per
1725 695 1864 747 fenus,

411 763 612 804 institerit
653 769 696 803 et
737 768 893 803 exacta
933 769 1091 815 sponte
1132 775 1218 802 non
1258 760 1446 809 soluerit,
1487 775 1574 803 non
1614 777 1691 816 per
1730 764 1862 807 fidem

409 837 581 871 tantum
610 832 665 872 de
694 844 780 872 non
810 830 997 872 inuentis
1025 830 1266 871 vicecomes
1294 829 1553 881 absoluetur,
1580 845 1740 882 verum,
1766 847 1862 875 cum

353 916 392 937 10
409 899 488 941 hec
522 900 758 953 presidenti
794 900 1070 953 suggesserit,
1102 899 1346 940 districtum
1385 899 1442 940 ab
1478 899 1574 953 ipso
1609 901 1863 942 mandatum

410 969 614 1022 suscipiet
654 975 701 1010 vt
745 970 800 1010 de
844 983 1027 1019 summa,
1068 983 1152 1023 que
1197 967 1253 1008 ab
1293 967 1368 1008 illo
1409 968 1649 1022 requiritur,
1690 969 1865 1010 statutis

410 1038 602 1079 terminis
638 1038 847 1079 soluenda
879 1037 1154 1079 fideiussores
1186 1037 1402 1086 inueniat3
1452 1038 1569 1090 quod
1601 1038 1635 1079 si
1667 1038 1863 1090 noluerit,

410 1121 561 1147 omnes
583 1107 675 1148 eius
697 1107 889 1147 redditus
911 1106 1172 1157 infiscentur,
1193 1111 1239 1147 vt
1261 1106 1303 1146 in
1324 1106 1406 1147 hac
1427 1112 1553 1159 parte
1574 1107 1729 1148 merito
1751 1098 1827 1149 fiat

481 1176 585 1216 ‘hiis
615 1176 767 1216 similis
782 1176 872 1228 =qui
903 1174 1197 1229 multiplicant
1228 1187 1491 1227 quocunque
1523 1176 1658 1216 modo
1691 1174 1806 1217 rem.'

354 1258 389 1289 15
466 1244 727 1297 Discipzclus.
788 1244 982 1297 Dignum
1005 1258 1050 1284 re
1069 1257 1171 1285 vera
1192 1248 1256 1283 est
1277 1250 1324 1284 vt
1345 1256 1371 1283 a
1392 1249 1508 1284 statu
1536 1257 1617 1284 suo
1645 1257 1724 1296 pro
1748 1243 1863 1297 turpi

410 1319 565 1366 questu
595 1314 810 1364 recedens,
831 1313 1022 1367 degener
1053 1312 1177 1353 miles
1202 1311 1270 1352 vel
1298 1311 1408 1352 liber
1436 1311 1545 1353 alius
1575 1318 1719 1365 preter
1747 1326 1863 1353 com-

410 1395 586 1422 munem
607 1381 839 1422 liberorum
862 1380 1003 1435 legem
1024 1381 1238 1435 puniatur.
1292 1378 1370 1420 Set
1391 1379 1478 1419 iam
1500 1393 1626 1429 nune,
1648 1381 1682 1421 si
1704 1381 1862 1434 placet,

410 1450 594 1491 edissere
630 1463 714 1502 que
750 1457 861 1497 sunt,
893 1463 977 1503 que
1012 1463 1091 1503 pro
1126 1448 1292 1490 catallis
1323 1448 1425 1495 eius,
1455 1448 1528 1501 qui
1559 1449 1650 1501 regi
1680 1455 1862 1498 tenetur,

409 1519 597 1560 debeant
633 1518 864 1571 imputari3
908 1524 951 1559 et
985 1524 1130 1558 vtrum
1167 1518 1222 1559 ab
1259 1516 1459 1557 omnibus
1493 1517 1639 1558 omnia
1670 1517 1863 1558 tollenda

352 1602 391 1623 20
409 1593 510 1629 sunt
549 1601 575 1628 a
609 1587 872 1637 vicecomite,
903 1600 1129 1640 quousque
1171 1599 1353 1636 summa,
1383 1598 1467 1638 que
1508 1586 1747 1638 requiritur,
1782 1599 1861 1626 ex-

411 1662 547 1708 urgat,
571 1657 747 1709 quando
768 1656 932 1697 scilicet
954 1654 1201 1710 principalis
1222 1655 1393 1696 debitor
1413 1660 1569 1695 exacta
1589 1661 1747 1707 sponte
1770 1668 1858 1695 non

350 1761 356 1767 .
410 1724 555 1766 soluit.

314 1771 391 1844 XIX
466 1793 695 1846 flffagz'ster.
757 1792 809 1833 In
839 1792 1020 1846 pelagus
1056 1805 1125 1832 me
1160 1791 1437 1845 questionum
1475 1790 1673 1843 impellis,
1704 1790 1862 1841 nescio,

410 1864 516 1905 deus
537 1862 629 1910 scit,
652 1875 737 1915 qua
759 1875 1036 1902 emersurum.
1099 1861 1283 1901 Noueris
1305 1860 1451 1913 itaque
1471 1859 1588 1913 quod
1610 1859 1678 1900 hic
1706 1859 1861 1900 iterum

350 1946 387 1977 25
411 1943 690 1984 personarum
713 1930 927 1971 distinctio
950 1929 1190 1970 necessaria
1206 1934 1282 1979 est,
1298 1928 1409 1969 sicut
1425 1941 1481 1968 ex
1498 1927 1862 1980 consequentibus

408 1999 601 2053 liquebit.
660 1998 831 2040 Vellem
872 2005 1020 2039 tamen
1062 1998 1104 2038 in
1144 1997 1225 2039 hac
1267 2002 1389 2050 parte
1428 1996 1532 2037 mihi
1573 2010 1769 2049 parceres
1809 2010 1863 2039 ne

409 2069 604 2122 pluribus
635 2067 901 2122 displicitura
933 2067 1122 2121 proferre
1152 2065 1403 2120 compellas.

466 2138 725 2191 Discipulus.
796 2136 917 2176 Dum
940 2151 965 2178 a
988 2136 1096 2191 legis
1117 2135 1352 2176 constitute
1384 2135 1560 2176 tramite
1581 2148 1668 2176 non
1690 2133 1860 2175 exorbi-

408 2208 582 2257 taueris,
602 2207 760 2247 iustam
790 2205 1013 2259 prudentis
1041 2204 1251 2245 offensam
1280 2217 1366 2244 non
1396 2203 1652 2254 mereberis;
1688 2203 1806 2256 quod
1827 2203 1862 2243 si

351 2289 391 2319 30
410 2276 474 2316 cui
505 2290 638 2330 graue
667 2276 900 2325 videbitur,
930 2275 1049 2328 quod
1080 2273 1154 2314 lex
1184 2272 1346 2322 statuit,
1377 2271 1416 2313 ei
1449 2272 1523 2325 qui
1559 2271 1750 2314 condidit
1782 2273 1860 2313 ira-

409 2350 554 2385 scatur
573 2359 659 2385 non
681 2344 772 2385 tibi.

464 2413 696 2465 Magister.
760 2413 835 2454 Ab
872 2413 994 2454 initio
1030 2410 1202 2453 debitor
1235 2409 1315 2451 tibi
1351 2408 1491 2450 factus
1527 2421 1624 2449 sum
1665 2421 1722 2449 ex
1762 2422 1860 2462 pro-

409 2495 540 2522 mlsSO

561 2540 702 2581 ‘Hinc
733 2546 798 2581 est
830 2538 946 2592 quod
979 2537 1130 2579 nolens
1161 2541 1314 2577 teneor
1343 2547 1495 2588 parere
1524 2532 1718 2588 petenti?

349 2618 387 2650 35
410 2606 668 2649 Debitorum
706 2608 848 2663 igitur,
878 2607 952 2661 qui
985 2611 1141 2648 exacta
1176 2609 1333 2658 sponte
1369 2616 1456 2643 non
1488 2602 1674 2654 soluunt‚
1705 2601 1861 2644 catalla

456 2759 476 2794 3
502 2756 629 2785 tenens
646 2752 681 2785 R
791 2759 810 2794 7
836 2750 934 2797 quod
955 2751 985 2785 C
997 2749 1186 2784 interlin:
1213 2748 1285 2782 hoc
1301 2747 1366 2782 N:
1393 2757 1462 2781 om.
1478 2747 1514 2782 R
1623 2756 1645 2792 9
1669 2747 1716 2781 de
1732 2758 1801 2781 om.
1818 2747 1864 2780 N

411 2806 453 2839 14
479 2796 624 2842 similis]
643 2797 750 2832 simul
766 2799 801 2832 R
895 2807 939 2840 24
965 2806 1199 2831 emensumrn
1215 2795 1262 2830 N
1350 2794 1394 2830 28
1420 2794 1499 2839 lege
1516 2794 1565 2828 N
1651 2803 1696 2838 34
1714 2793 1859 2838 nolens]

408 2844 534 2878 volens
551 2844 599 2877 N
692 2846 781 2888 post
796 2855 923 2889 parere
941 2845 1025 2879 add.
1044 2843 1101 2879 vel
1119 2841 1255 2878 volenti
1271 2841 1319 2876 N
