<?xml version="1.0" encoding="UTF-8"?>
<!DOCTYPE html PUBLIC "-//W3C//DTD XHTML 1.0 Transitional//EN"
    "http://www.w3.org/TR/xhtml1/DTD/xhtml1-transitional.dtd">
<html xmlns="http://www.w3.org/1999/xhtml" xml:lang="en" lang="en">
 <head>
  <title>
</title>
<meta http-equiv="Content-Type" content="text/html;charset=utf-8" />
  <meta name='ocr-system' content='tesseract 3.04.00' />
  <meta name='ocr-capabilities' content='ocr_page ocr_carea ocr_par ocr_line ocrx_word'/>
</head>
<body>
  <div class='ocr_page' id='page_1' title='image "./denecessariisobs00fitzuoft_0102.png"; bbox 0 0 2022 3281; ppageno 0'>
   <div class='ocr_carea' id='block_1_1' title="bbox 440 186 1894 248">
    <p class='ocr_par' dir='ltr' id='par_1_1' title="bbox 440 186 1894 248">
     <span class='ocr_line' id='line_1_1' title="bbox 440 186 1894 248; baseline 0.003 -21"><span class='ocrx_word' id='word_1_1' title='bbox 440 187 495 228; x_wconf 90' lang='lat'>66</span> <span class='ocrx_word' id='word_1_2' title='bbox 927 187 1015 228; x_wconf 91' lang='lat' dir='ltr'>DE</span> <span class='ocrx_word' id='word_1_3' title='bbox 1047 186 1406 230; x_wconf 88' lang='lat' dir='ltr'>SCACCARIO</span> <span class='ocrx_word' id='word_1_4' title='bbox 1738 187 1776 248; x_wconf 89' lang='grc' dir='ltr'>[Ι</span> <span class='ocrx_word' id='word_1_5' title='bbox 1796 190 1841 232; x_wconf 92' lang='lat' dir='ltr'>iii</span> <span class='ocrx_word' id='word_1_6' title='bbox 1862 198 1894 231; x_wconf 92' lang='lat' dir='ltr'>G</span> 
     </span>
    </p>
   </div>
   <div class='ocr_carea' id='block_1_2' title="bbox 353 299 1895 2618">
    <p class='ocr_par' dir='ltr' id='par_1_2' title="bbox 393 299 1895 561">
     <span class='ocr_line' id='line_1_2' title="bbox 393 299 1892 356; baseline 0.002 -15"><span class='ocrx_word' id='word_1_7' title='bbox 393 302 487 346; x_wconf 82' lang='lat' dir='ltr'>Gin</span> <span class='ocrx_word' id='word_1_8' title='bbox 519 302 730 356; x_wconf 79' lang='lat' dir='ltr'>superiori</span> <span class='ocrx_word' id='word_1_9' title='bbox 763 302 977 344; x_wconf 85' lang='lat' dir='ltr'>scaccario</span> <span class='ocrx_word' id='word_1_10' title='bbox 1012 299 1210 341; x_wconf 90' lang='lat' dir='ltr'>similiter</span> <span class='ocrx_word' id='word_1_11' title='bbox 1239 314 1278 341; x_wconf 91' lang='lat' dir='ltr'>v.</span> <span class='ocrx_word' id='word_1_12' title='bbox 1339 300 1536 355; x_wconf 88' lang='lat' dir='ltr'>Scriptor</span> <span class='ocrx_word' id='word_1_13' title='bbox 1574 303 1817 344; x_wconf 91' lang='lat' dir='ltr'>cancellarii</span> <span class='ocrx_word' id='word_1_14' title='bbox 1852 317 1892 344; x_wconf 90' lang='lat' dir='ltr'>v.</span> 
     </span>
     <span class='ocr_line' id='line_1_3' title="bbox 441 368 1895 422; baseline 0.001 -10"><span class='ocrx_word' id='word_1_15' title='bbox 441 372 546 412; x_wconf 93' lang='lat' dir='ltr'>Duo</span> <span class='ocrx_word' id='word_1_16' title='bbox 588 371 748 412; x_wconf 82' lang='lat' dir='ltr'>milites</span> <span class='ocrx_word' id='word_1_17' title='bbox 788 370 922 411; x_wconf 91' lang='lat' dir='ltr'>baiuli</span> <span class='ocrx_word' id='word_1_18' title='bbox 963 369 1151 410; x_wconf 88' lang='lat' dir='ltr'>clauium</span> <span class='ocrx_word' id='word_1_19' title='bbox 1192 368 1375 422; x_wconf 89' lang='lat' dir='ltr'>quisque</span> <span class='ocrx_word' id='word_1_20' title='bbox 1414 369 1456 410; x_wconf 90' lang='lat' dir='ltr'>in</span> <span class='ocrx_word' id='word_1_21' title='bbox 1496 371 1568 412; x_wconf 93' lang='lat' dir='ltr'>die</span> <span class='ocrx_word' id='word_1_22' title='bbox 1599 371 1687 412; x_wconf 88' lang='lat' dir='ltr'>viii.</span> <span class='ocrx_word' id='word_1_23' title='bbox 1724 372 1895 413; x_wconf 87' lang='lat' dir='ltr'>ratione</span> 
     </span>
     <span class='ocr_line' id='line_1_4' title="bbox 440 437 1894 490; baseline 0.001 -10"><span class='ocrx_word' id='word_1_24' title='bbox 440 440 622 490; x_wconf 90' lang='lat' dir='ltr'>militie;</span> <span class='ocrx_word' id='word_1_25' title='bbox 673 445 870 480; x_wconf 87' lang='lat' dir='ltr'>asserunt</span> <span class='ocrx_word' id='word_1_26' title='bbox 910 439 1023 478; x_wconf 90' lang='lat' dir='ltr'>enirn</span> <span class='ocrx_word' id='word_1_27' title='bbox 1063 437 1181 490; x_wconf 93' lang='lat' dir='ltr'>quod</span> <span class='ocrx_word' id='word_1_28' title='bbox 1221 437 1342 490; x_wconf 89' lang='lat' dir='ltr'>equis</span> <span class='ocrx_word' id='word_1_29' title='bbox 1387 440 1640 480; x_wconf 86' lang='lat' dir='ltr'>necessariis</span> <span class='ocrx_word' id='word_1_30' title='bbox 1681 445 1724 481; x_wconf 93' lang='lat' dir='ltr'>et</span> <span class='ocrx_word' id='word_1_31' title='bbox 1764 441 1894 481; x_wconf 90' lang='lat' dir='ltr'>armis</span> 
     </span>
     <span class='ocr_line' id='line_1_5' title="bbox 439 505 1893 561; baseline 0 -14"><span class='ocrx_word' id='word_1_32' title='bbox 439 506 634 549; x_wconf 80' lang='lat' dir='ltr'>instructi</span> <span class='ocrx_word' id='word_1_33' title='bbox 667 507 760 548; x_wconf 91' lang='lat' dir='ltr'>fore</span> <span class='ocrx_word' id='word_1_34' title='bbox 793 513 1021 548; x_wconf 88' lang='lat' dir='ltr'>teneantur</span> <span class='ocrx_word' id='word_1_35' title='bbox 1054 512 1102 546; x_wconf 82' lang='lat' dir='ltr'>vt</span> <span class='ocrx_word' id='word_1_36' title='bbox 1138 518 1236 546; x_wconf 91' lang='lat' dir='ltr'>cum</span> <span class='ocrx_word' id='word_1_37' title='bbox 1272 505 1476 547; x_wconf 89' lang='lat' dir='ltr'>thesauro</span> <span class='ocrx_word' id='word_1_38' title='bbox 1512 508 1630 549; x_wconf 91' lang='lat' dir='ltr'>missi</span> <span class='ocrx_word' id='word_1_39' title='bbox 1667 509 1786 561; x_wconf 90' lang='lat' dir='ltr'>quod</span> <span class='ocrx_word' id='word_1_40' title='bbox 1826 508 1893 549; x_wconf 88' lang='lat' dir='ltr'>sui</span> 
     </span>
    </p>

    <p class='ocr_par' dir='ltr' id='par_1_3' title="bbox 402 573 1895 901">
     <span class='ocr_line' id='line_1_6' title="bbox 402 573 1895 629; baseline -0.001 -11"><span class='ocrx_word' id='word_1_41' title='bbox 402 587 420 618; x_wconf 90' lang='lat'>5</span> <span class='ocrx_word' id='word_1_42' title='bbox 440 574 567 616; x_wconf 86' lang='lat' dir='ltr'>officii</span> <span class='ocrx_word' id='word_1_43' title='bbox 593 574 721 615; x_wconf 87' lang='lat' dir='ltr'>fuerit</span> <span class='ocrx_word' id='word_1_44' title='bbox 751 574 1008 627; x_wconf 85' lang='lat' dir='ltr'>oportunius</span> <span class='ocrx_word' id='word_1_45' title='bbox 1035 573 1097 613; x_wconf 89' lang='lat' dir='ltr'>sic</span> <span class='ocrx_word' id='word_1_46' title='bbox 1127 580 1413 626; x_wconf 82' lang='lat' dir='ltr'>exequantur.</span> <span class='ocrx_word' id='word_1_47' title='bbox 1474 575 1603 616; x_wconf 87' lang='lat' dir='ltr'>Miles</span> <span class='ocrx_word' id='word_1_48' title='bbox 1624 577 1895 629; x_wconf 84' lang='lat' dir='ltr'>argentarius</span> 
     </span>
     <span class='ocr_line' id='line_1_7' title="bbox 438 642 1895 698; baseline 0.003 -16"><span class='ocrx_word' id='word_1_49' title='bbox 438 643 515 683; x_wconf 85' lang='lat' dir='ltr'>xii.</span> <span class='ocrx_word' id='word_1_50' title='bbox 532 643 575 682; x_wconf 89' lang='lat' dir='ltr'>in</span> <span class='ocrx_word' id='word_1_51' title='bbox 591 643 673 683; x_wconf 91' lang='lat' dir='ltr'>die.</span> <span class='ocrx_word' id='word_1_52' title='bbox 706 643 898 683; x_wconf 86' lang='lat' dir='ltr'>Fusorv.</span> <span class='ocrx_word' id='word_1_53' title='bbox 942 642 1189 683; x_wconf 87' lang='lat' dir='ltr'>Hostiarius</span> <span class='ocrx_word' id='word_1_54' title='bbox 1206 642 1381 683; x_wconf 90' lang='lat' dir='ltr'>maioris</span> <span class='ocrx_word' id='word_1_55' title='bbox 1398 644 1597 684; x_wconf 89' lang='lat' dir='ltr'>scaccarii</span> <span class='ocrx_word' id='word_1_56' title='bbox 1614 658 1653 684; x_wconf 89' lang='lat' dir='ltr'>V.</span> <span class='ocrx_word' id='word_1_57' title='bbox 1695 644 1895 698; x_wconf 77' lang='lat' dir='ltr'>Quatuor</span> 
     </span>
     <span class='ocr_line' id='line_1_8' title="bbox 439 710 1894 765; baseline 0.003 -15"><span class='ocrx_word' id='word_1_58' title='bbox 439 717 764 765; x_wconf 86' lang='lat' dir='ltr'>computatores</span> <span class='ocrx_word' id='word_1_59' title='bbox 793 711 974 764; x_wconf 90' lang='lat' dir='ltr'>quisque</span> <span class='ocrx_word' id='word_1_60' title='bbox 1012 710 1067 750; x_wconf 91' lang='lat' dir='ltr'>iii.</span> <span class='ocrx_word' id='word_1_61' title='bbox 1097 710 1132 750; x_wconf 90' lang='lat' dir='ltr'>si</span> <span class='ocrx_word' id='word_1_62' title='bbox 1168 710 1411 752; x_wconf 89' lang='lat' dir='ltr'>Londoniis</span> <span class='ocrx_word' id='word_1_63' title='bbox 1443 717 1556 760; x_wconf 88' lang='lat' dir='ltr'>sunt,</span> <span class='ocrx_word' id='word_1_64' title='bbox 1590 713 1624 753; x_wconf 91' lang='lat' dir='ltr'>si</span> <span class='ocrx_word' id='word_1_65' title='bbox 1656 712 1894 762; x_wconf 90' lang='lat' dir='ltr'>Wintonie,</span> 
     </span>
     <span class='ocr_line' id='line_1_9' title="bbox 438 778 1893 834; baseline 0.003 -16"><span class='ocrx_word' id='word_1_66' title='bbox 438 779 541 832; x_wconf 87' lang='lat' dir='ltr'>quia</span> <span class='ocrx_word' id='word_1_67' title='bbox 577 780 678 820; x_wconf 90' lang='lat' dir='ltr'>inde</span> <span class='ocrx_word' id='word_1_68' title='bbox 713 778 857 820; x_wconf 89' lang='lat' dir='ltr'>solent</span> <span class='ocrx_word' id='word_1_69' title='bbox 892 779 1066 828; x_wconf 86' lang='lat' dir='ltr'>assumi,</span> <span class='ocrx_word' id='word_1_70' title='bbox 1100 779 1142 820; x_wconf 93' lang='lat' dir='ltr'>ii.</span> <span class='ocrx_word' id='word_1_71' title='bbox 1174 778 1358 833; x_wconf 85' lang='lat' dir='ltr'>quisque</span> <span class='ocrx_word' id='word_1_72' title='bbox 1394 779 1537 821; x_wconf 88' lang='lat' dir='ltr'>habet.</span> <span class='ocrx_word' id='word_1_73' title='bbox 1596 780 1724 834; x_wconf 82' lang='lat' dir='ltr'>vigil,</span> <span class='ocrx_word' id='word_1_74' title='bbox 1759 795 1893 823; x_wconf 88' lang='lat' dir='ltr'>vnum</span> 
     </span>
     <span class='ocr_line' id='line_1_10' title="bbox 438 846 1895 901; baseline 0.002 -13"><span class='ocrx_word' id='word_1_75' title='bbox 438 848 676 888; x_wconf 90' lang='lat' dir='ltr'>denarium.</span> <span class='ocrx_word' id='word_1_76' title='bbox 725 846 802 889; x_wconf 82' lang='lat' dir='ltr'>Ad</span> <span class='ocrx_word' id='word_1_77' title='bbox 844 847 991 888; x_wconf 90' lang='lat' dir='ltr'>lumen</span> <span class='ocrx_word' id='word_1_78' title='bbox 1033 848 1241 901; x_wconf 91' lang='lat' dir='ltr'>cuiusque</span> <span class='ocrx_word' id='word_1_79' title='bbox 1291 849 1430 890; x_wconf 89' lang='lat' dir='ltr'>noctis</span> <span class='ocrx_word' id='word_1_80' title='bbox 1473 849 1583 889; x_wconf 87' lang='lat' dir='ltr'>circa</span> <span class='ocrx_word' id='word_1_81' title='bbox 1631 849 1895 899; x_wconf 88' lang='lat' dir='ltr'>thesaurum,</span> 
     </span>
    </p>

    <p class='ocr_par' dir='ltr' id='par_1_4' title="bbox 380 915 602 957">
     <span class='ocr_line' id='line_1_11' title="bbox 380 915 602 957; baseline 0.014 -4"><span class='ocrx_word' id='word_1_82' title='bbox 380 931 418 954; x_wconf 92' lang='lat'>10</span> <span class='ocrx_word' id='word_1_83' title='bbox 438 915 602 957; x_wconf 89' lang='lat' dir='ltr'>obulus.</span> 
     </span>
    </p>

    <p class='ocr_par' dir='ltr' id='par_1_5' title="bbox 436 984 1894 1106">
     <span class='ocr_line' id='line_1_12' title="bbox 493 984 1894 1039; baseline 0.001 -14"><span class='ocrx_word' id='word_1_84' title='bbox 493 984 752 1038; x_wconf 64' lang='lat' dir='ltr'>Disczpnlus.</span> <span class='ocrx_word' id='word_1_85' title='bbox 809 984 1060 1027; x_wconf 90' lang='lat' dir='ltr'>Hostiarius</span> <span class='ocrx_word' id='word_1_86' title='bbox 1080 984 1272 1026; x_wconf 88' lang='lat' dir='ltr'>thesauri</span> <span class='ocrx_word' id='word_1_87' title='bbox 1295 998 1383 1039; x_wconf 89' lang='lat' dir='ltr'>qua</span> <span class='ocrx_word' id='word_1_88' title='bbox 1404 985 1570 1027; x_wconf 88' lang='lat' dir='ltr'>ratione</span> <span class='ocrx_word' id='word_1_89' title='bbox 1591 985 1894 1027; x_wconf 84' lang='lat' dir='ltr'>liberationem</span> 
     </span>
     <span class='ocr_line' id='line_1_13' title="bbox 436 1053 898 1106; baseline 0 -12"><span class='ocrx_word' id='word_1_90' title='bbox 436 1053 553 1094; x_wconf 89' lang='lat' dir='ltr'>solus</span> <span class='ocrx_word' id='word_1_91' title='bbox 575 1067 662 1094; x_wconf 92' lang='lat' dir='ltr'>non</span> <span class='ocrx_word' id='word_1_92' title='bbox 684 1053 898 1106; x_wconf 87' lang='lat' dir='ltr'>percipit?</span> 
     </span>
    </p>

    <p class='ocr_par' dir='ltr' id='par_1_6' title="bbox 437 1121 1895 1245">
     <span class='ocr_line' id='line_1_14' title="bbox 493 1121 1894 1176; baseline 0.003 -15"><span class='ocrx_word' id='word_1_93' title='bbox 493 1121 725 1174; x_wconf 70' lang='lat' dir='ltr'>llffagz&#39;ster.</span> <span class='ocrx_word' id='word_1_94' title='bbox 773 1122 875 1162; x_wconf 92' lang='lat' dir='ltr'>Non</span> <span class='ocrx_word' id='word_1_95' title='bbox 892 1122 996 1163; x_wconf 88' lang='lat' dir='ltr'>satis</span> <span class='ocrx_word' id='word_1_96' title='bbox 1012 1121 1126 1172; x_wconf 89' lang='lat' dir='ltr'>noui,</span> <span class='ocrx_word' id='word_1_97' title='bbox 1143 1122 1219 1162; x_wconf 89' lang='lat' dir='ltr'>sed</span> <span class='ocrx_word' id='word_1_98' title='bbox 1241 1129 1390 1164; x_wconf 88' lang='lat' dir='ltr'>tamen</span> <span class='ocrx_word' id='word_1_99' title='bbox 1413 1122 1523 1175; x_wconf 86' lang='lat' dir='ltr'>quia·</span> <span class='ocrx_word' id='word_1_100' title='bbox 1536 1122 1708 1163; x_wconf 89' lang='lat' dir='ltr'>videtur</span> <span class='ocrx_word' id='word_1_101' title='bbox 1729 1122 1894 1176; x_wconf 91' lang='lat' dir='ltr'>aliquid</span> 
     </span>
     <span class='ocr_line' id='line_1_15' title="bbox 437 1191 1895 1245; baseline 0.001 -15"><span class='ocrx_word' id='word_1_102' title='bbox 437 1191 656 1244; x_wconf 89' lang='lat' dir='ltr'>percipere</span> <span class='ocrx_word' id='word_1_103' title='bbox 677 1191 840 1232; x_wconf 89' lang='lat' dir='ltr'>ratione</span> <span class='ocrx_word' id='word_1_104' title='bbox 861 1191 990 1232; x_wconf 87' lang='lat' dir='ltr'>hostii</span> <span class='ocrx_word' id='word_1_105' title='bbox 1013 1198 1056 1232; x_wconf 89' lang='lat' dir='ltr'>et</span> <span class='ocrx_word' id='word_1_106' title='bbox 1084 1205 1164 1245; x_wconf 90' lang='lat' dir='ltr'>pro</span> <span class='ocrx_word' id='word_1_107' title='bbox 1193 1191 1429 1232; x_wconf 88' lang='lat' dir='ltr'>forulorum</span> <span class='ocrx_word' id='word_1_108' title='bbox 1460 1199 1502 1232; x_wconf 88' lang='lat' dir='ltr'>et</span> <span class='ocrx_word' id='word_1_109' title='bbox 1529 1191 1743 1232; x_wconf 90' lang='lat' dir='ltr'>talearum</span> <span class='ocrx_word' id='word_1_110' title='bbox 1770 1192 1895 1232; x_wconf 89' lang='lat' dir='ltr'>mini-</span> 
     </span>
    </p>

    <p class='ocr_par' dir='ltr' id='par_1_7' title="bbox 379 1259 1895 1518">
     <span class='ocr_line' id='line_1_16' title="bbox 379 1259 1895 1314; baseline 0.003 -18"><span class='ocrx_word' id='word_1_111' title='bbox 379 1273 417 1304; x_wconf 81' lang='lat'>15</span> <span class='ocrx_word' id='word_1_112' title='bbox 437 1260 568 1300; x_wconf 90' lang='lat' dir='ltr'>sterio</span> <span class='ocrx_word' id='word_1_113' title='bbox 596 1259 899 1301; x_wconf 85' lang='lat' dir='ltr'>liberationem</span> <span class='ocrx_word' id='word_1_114' title='bbox 921 1259 1032 1300; x_wconf 89' lang='lat' dir='ltr'>forte</span> <span class='ocrx_word' id='word_1_115' title='bbox 1055 1273 1141 1300; x_wconf 90' lang='lat' dir='ltr'>non</span> <span class='ocrx_word' id='word_1_116' title='bbox 1164 1259 1316 1313; x_wconf 89' lang='lat' dir='ltr'>recipit</span> <span class='ocrx_word' id='word_1_117' title='bbox 1337 1260 1405 1300; x_wconf 88' lang='lat' dir='ltr'>vel</span> <span class='ocrx_word' id='word_1_118' title='bbox 1433 1260 1544 1301; x_wconf 86' lang='lat' dir='ltr'>forte</span> <span class='ocrx_word' id='word_1_119' title='bbox 1565 1261 1666 1313; x_wconf 87' lang='lat' dir='ltr'>quia</span> <span class='ocrx_word' id='word_1_120' title='bbox 1693 1274 1780 1302; x_wconf 90' lang='lat' dir='ltr'>non</span> <span class='ocrx_word' id='word_1_121' title='bbox 1805 1260 1895 1314; x_wconf 84' lang='lat' dir='ltr'>regi</span> 
     </span>
     <span class='ocr_line' id='line_1_17' title="bbox 437 1327 1893 1380; baseline 0.001 -12"><span class='ocrx_word' id='word_1_122' title='bbox 437 1329 514 1368; x_wconf 85' lang='lat' dir='ltr'>sed</span> <span class='ocrx_word' id='word_1_123' title='bbox 541 1328 679 1380; x_wconf 79' lang='lat' dir='ltr'>magis</span> <span class='ocrx_word' id='word_1_124' title='bbox 707 1327 974 1369; x_wconf 87' lang='lat' dir='ltr'>thesaurario</span> <span class='ocrx_word' id='word_1_125' title='bbox 1007 1334 1049 1369; x_wconf 90' lang='lat' dir='ltr'>et</span> <span class='ocrx_word' id='word_1_126' title='bbox 1080 1329 1326 1370; x_wconf 84' lang='lat' dir='ltr'>camerariis</span> <span class='ocrx_word' id='word_1_127' title='bbox 1358 1329 1519 1369; x_wconf 87' lang='lat' dir='ltr'>seruire</span> <span class='ocrx_word' id='word_1_128' title='bbox 1539 1330 1712 1370; x_wconf 85' lang='lat' dir='ltr'>videtur</span> <span class='ocrx_word' id='word_1_129' title='bbox 1732 1329 1773 1369; x_wconf 88' lang='lat' dir='ltr'>in</span> <span class='ocrx_word' id='word_1_130' title='bbox 1796 1343 1893 1371; x_wconf 89' lang='lat' dir='ltr'>cus-</span> 
     </span>
     <span class='ocr_line' id='line_1_18' title="bbox 437 1396 1894 1451; baseline 0.001 -15"><span class='ocrx_word' id='word_1_131' title='bbox 437 1396 557 1437; x_wconf 92' lang='lat' dir='ltr'>todia</span> <span class='ocrx_word' id='word_1_132' title='bbox 584 1396 714 1437; x_wconf 88' lang='lat' dir='ltr'>hostii</span> <span class='ocrx_word' id='word_1_133' title='bbox 742 1397 900 1438; x_wconf 90' lang='lat' dir='ltr'>domus</span> <span class='ocrx_word' id='word_1_134' title='bbox 928 1410 1091 1438; x_wconf 90' lang='lat' dir='ltr'>eorum.</span> <span class='ocrx_word' id='word_1_135' title='bbox 1153 1397 1250 1438; x_wconf 91' lang='lat' dir='ltr'>Hac</span> <span class='ocrx_word' id='word_1_136' title='bbox 1278 1396 1374 1451; x_wconf 82' lang='lat' dir='ltr'>lege</span> <span class='ocrx_word' id='word_1_137' title='bbox 1400 1397 1577 1438; x_wconf 87' lang='lat' dir='ltr'>minoris</span> <span class='ocrx_word' id='word_1_138' title='bbox 1603 1397 1803 1438; x_wconf 87' lang='lat' dir='ltr'>scaccarii</span> <span class='ocrx_word' id='word_1_139' title='bbox 1824 1397 1894 1438; x_wconf 89' lang='lat' dir='ltr'>vel</span> 
     </span>
     <span class='ocr_line' id='line_1_19' title="bbox 437 1465 969 1518; baseline 0.002 -14"><span class='ocrx_word' id='word_1_140' title='bbox 437 1471 609 1518; x_wconf 87' lang='lat' dir='ltr'>recepte</span> <span class='ocrx_word' id='word_1_141' title='bbox 632 1465 742 1506; x_wconf 90' lang='lat' dir='ltr'>ratio</span> <span class='ocrx_word' id='word_1_142' title='bbox 763 1465 969 1507; x_wconf 86' lang='lat' dir='ltr'>subsistit.</span> 
     </span>
    </p>

    <p class='ocr_par' dir='ltr' id='par_1_8' title="bbox 493 1533 1894 1587">
     <span class='ocr_line' id='line_1_20' title="bbox 493 1533 1894 1587; baseline 0.001 -14"><span class='ocrx_word' id='word_1_143' title='bbox 493 1533 751 1587; x_wconf 73' lang='lat' dir='ltr'>Discipulus.</span> <span class='ocrx_word' id='word_1_144' title='bbox 815 1533 886 1575; x_wconf 84' lang='lat' dir='ltr'>Sic</span> <span class='ocrx_word' id='word_1_145' title='bbox 909 1534 1038 1574; x_wconf 89' lang='lat' dir='ltr'>michi</span> <span class='ocrx_word' id='word_1_146' title='bbox 1060 1533 1331 1575; x_wconf 86' lang='lat' dir='ltr'>satisfactum</span> <span class='ocrx_word' id='word_1_147' title='bbox 1354 1541 1418 1575; x_wconf 88' lang='lat' dir='ltr'>est</span> <span class='ocrx_word' id='word_1_148' title='bbox 1449 1534 1490 1574; x_wconf 91' lang='lat' dir='ltr'>in</span> <span class='ocrx_word' id='word_1_149' title='bbox 1513 1533 1593 1574; x_wconf 88' lang='lat' dir='ltr'>hac</span> <span class='ocrx_word' id='word_1_150' title='bbox 1617 1540 1740 1587; x_wconf 89' lang='lat' dir='ltr'>parte</span> <span class='ocrx_word' id='word_1_151' title='bbox 1764 1540 1812 1575; x_wconf 88' lang='lat' dir='ltr'>vt</span> <span class='ocrx_word' id='word_1_152' title='bbox 1833 1533 1894 1574; x_wconf 89' lang='lat' dir='ltr'>nil</span> 
     </span>
    </p>

    <p class='ocr_par' dir='ltr' id='par_1_9' title="bbox 379 1601 1892 1656">
     <span class='ocr_line' id='line_1_21' title="bbox 379 1601 1892 1656; baseline 0.002 -16"><span class='ocrx_word' id='word_1_153' title='bbox 379 1617 419 1639; x_wconf 86' lang='lat'>20</span> <span class='ocrx_word' id='word_1_154' title='bbox 438 1601 589 1642; x_wconf 88' lang='lat' dir='ltr'>deesse</span> <span class='ocrx_word' id='word_1_155' title='bbox 610 1603 820 1643; x_wconf 85' lang='lat' dir='ltr'>videatur.</span> <span class='ocrx_word' id='word_1_156' title='bbox 877 1603 1004 1643; x_wconf 93' lang='lat' dir='ltr'>Nunc</span> <span class='ocrx_word' id='word_1_157' title='bbox 1027 1616 1130 1656; x_wconf 85' lang='lat' dir='ltr'>ergo</span> <span class='ocrx_word' id='word_1_158' title='bbox 1153 1603 1186 1642; x_wconf 91' lang='lat' dir='ltr'>si</span> <span class='ocrx_word' id='word_1_159' title='bbox 1208 1603 1350 1654; x_wconf 89' lang='lat' dir='ltr'>placet</span> <span class='ocrx_word' id='word_1_160' title='bbox 1369 1616 1631 1656; x_wconf 88' lang='lat' dir='ltr'>prosequere</span> <span class='ocrx_word' id='word_1_161' title='bbox 1647 1604 1702 1643; x_wconf 87' lang='lat' dir='ltr'>de</span> <span class='ocrx_word' id='word_1_162' title='bbox 1719 1603 1892 1643; x_wconf 88' lang='lat' dir='ltr'>maiore.</span> 
     </span>
    </p>

    <p class='ocr_par' dir='ltr' id='par_1_10' title="bbox 353 1666 1894 1725">
     <span class='ocr_line' id='line_1_22' title="bbox 353 1666 1894 1725; baseline 0.001 -15"><span class='ocrx_word' id='word_1_163' title='bbox 353 1666 417 1703; x_wconf 80' lang='lat' dir='ltr'>iiii</span> <span class='ocrx_word' id='word_1_164' title='bbox 494 1670 722 1723; x_wconf 59' lang='lat' dir='ltr'>[Magister.</span> <span class='ocrx_word' id='word_1_165' title='bbox 800 1671 924 1712; x_wconf 89' lang='lat' dir='ltr'>Licet</span> <span class='ocrx_word' id='word_1_166' title='bbox 956 1685 1106 1712; x_wconf 90' lang='lat' dir='ltr'>eorum</span> <span class='ocrx_word' id='word_1_167' title='bbox 1137 1672 1210 1725; x_wconf 89' lang='lat' dir='ltr'>qui</span> <span class='ocrx_word' id='word_1_168' title='bbox 1241 1673 1297 1712; x_wconf 90' lang='lat' dir='ltr'>ad</span> <span class='ocrx_word' id='word_1_169' title='bbox 1329 1672 1468 1712; x_wconf 86' lang='lat' dir='ltr'>maius</span> <span class='ocrx_word' id='word_1_170' title='bbox 1499 1671 1761 1712; x_wconf 84' lang='lat' dir='ltr'>scaccarium</span> <span class='ocrx_word' id='word_1_171' title='bbox 1790 1672 1894 1712; x_wconf 91' lang='lat' dir='ltr'>resi-</span> 
     </span>
    </p>

    <p class='ocr_par' dir='ltr' id='par_1_11' title="bbox 386 1721 1895 1931">
     <span class='ocr_line' id='line_1_23' title="bbox 386 1721 1895 1793; baseline 0.001 -13"><span class='ocrx_word' id='word_1_172' title='bbox 386 1721 417 1750; x_wconf 82' lang='lat' dir='ltr'><strong>A</strong></span> <span class='ocrx_word' id='word_1_173' title='bbox 438 1740 553 1788; x_wconf 86' lang='lat' dir='ltr'>dent,</span> <span class='ocrx_word' id='word_1_174' title='bbox 582 1738 724 1780; x_wconf 87' lang='lat' dir='ltr'>officia</span> <span class='ocrx_word' id='word_1_175' title='bbox 754 1740 1017 1792; x_wconf 86' lang='lat' dir='ltr'>quibusdam</span> <span class='ocrx_word' id='word_1_176' title='bbox 1047 1741 1279 1780; x_wconf 89' lang='lat' dir='ltr'>videantur</span> <span class='ocrx_word' id='word_1_177' title='bbox 1309 1740 1649 1793; x_wconf 89' lang='lat' dir='ltr'>proprietatibus</span> <span class='ocrx_word' id='word_1_178' title='bbox 1682 1753 1776 1781; x_wconf 90' lang='lat' dir='ltr'>esse</span> <span class='ocrx_word' id='word_1_179' title='bbox 1808 1741 1895 1781; x_wconf 91' lang='lat' dir='ltr'>dis-</span> 
     </span>
     <span class='ocr_line' id='line_1_24' title="bbox 435 1807 1894 1862; baseline 0.001 -14"><span class='ocrx_word' id='word_1_180' title='bbox 435 1809 573 1849; x_wconf 87' lang='lat' dir='ltr'>tincta</span> <span class='ocrx_word' id='word_1_181' title='bbox 594 1822 726 1848; x_wconf 90' lang='lat' dir='ltr'>vnum</span> <span class='ocrx_word' id='word_1_182' title='bbox 748 1815 895 1850; x_wconf 89' lang='lat' dir='ltr'>tamen</span> <span class='ocrx_word' id='word_1_183' title='bbox 917 1807 1108 1855; x_wconf 85' lang='lat' dir='ltr'>officium</span> <span class='ocrx_word' id='word_1_184' title='bbox 1137 1808 1329 1848; x_wconf 89' lang='lat' dir='ltr'>omnium</span> <span class='ocrx_word' id='word_1_185' title='bbox 1352 1815 1417 1848; x_wconf 90' lang='lat' dir='ltr'>est</span> <span class='ocrx_word' id='word_1_186' title='bbox 1439 1815 1482 1848; x_wconf 87' lang='lat' dir='ltr'>et</span> <span class='ocrx_word' id='word_1_187' title='bbox 1508 1809 1694 1849; x_wconf 89' lang='lat' dir='ltr'>intentio</span> <span class='ocrx_word' id='word_1_188' title='bbox 1714 1814 1761 1849; x_wconf 90' lang='lat' dir='ltr'>vt</span> <span class='ocrx_word' id='word_1_189' title='bbox 1783 1809 1894 1862; x_wconf 82' lang='lat' dir='ltr'>regis</span> 
     </span>
     <span class='ocr_line' id='line_1_25' title="bbox 435 1876 1894 1931; baseline 0.001 -14"><span class='ocrx_word' id='word_1_190' title='bbox 435 1876 609 1917; x_wconf 85' lang='lat' dir='ltr'>vtilitati</span> <span class='ocrx_word' id='word_1_191' title='bbox 643 1877 922 1931; x_wconf 83' lang='lat' dir='ltr'>prospiciant,</span> <span class='ocrx_word' id='word_1_192' title='bbox 955 1877 1075 1918; x_wconf 91' lang='lat' dir='ltr'>salua</span> <span class='ocrx_word' id='word_1_193' title='bbox 1106 1883 1254 1917; x_wconf 89' lang='lat' dir='ltr'>tamen</span> <span class='ocrx_word' id='word_1_194' title='bbox 1285 1878 1490 1929; x_wconf 88' lang='lat' dir='ltr'>equitate,</span> <span class='ocrx_word' id='word_1_195' title='bbox 1522 1877 1760 1917; x_wconf 87' lang='lat' dir='ltr'>secundum</span> <span class='ocrx_word' id='word_1_196' title='bbox 1792 1890 1894 1918; x_wconf 91' lang='lat' dir='ltr'>con-</span> 
     </span>
    </p>

    <p class='ocr_par' dir='ltr' id='par_1_12' title="bbox 379 1945 1895 2274">
     <span class='ocr_line' id='line_1_26' title="bbox 379 1945 1894 1999; baseline 0 -12"><span class='ocrx_word' id='word_1_197' title='bbox 379 1956 416 1987; x_wconf 80' lang='lat'>25</span> <span class='ocrx_word' id='word_1_198' title='bbox 436 1946 610 1986; x_wconf 89' lang='lat' dir='ltr'>stitutas</span> <span class='ocrx_word' id='word_1_199' title='bbox 650 1946 768 1999; x_wconf 83' lang='lat' dir='ltr'>leges</span> <span class='ocrx_word' id='word_1_200' title='bbox 804 1946 1018 1988; x_wconf 90' lang='lat' dir='ltr'>scaccarii.</span> <span class='ocrx_word' id='word_1_201' title='bbox 1080 1946 1190 1986; x_wconf 87' lang='lat' dir='ltr'>Eius</span> <span class='ocrx_word' id='word_1_202' title='bbox 1231 1952 1379 1986; x_wconf 92' lang='lat' dir='ltr'>autem</span> <span class='ocrx_word' id='word_1_203' title='bbox 1416 1945 1527 1986; x_wconf 91' lang='lat' dir='ltr'>ratio</span> <span class='ocrx_word' id='word_1_204' title='bbox 1571 1945 1639 1985; x_wconf 92' lang='lat' dir='ltr'>vel</span> <span class='ocrx_word' id='word_1_205' title='bbox 1678 1945 1894 1987; x_wconf 90' lang='lat' dir='ltr'>institutio</span> 
     </span>
     <span class='ocr_line' id='line_1_27' title="bbox 438 2014 1894 2069; baseline 0.001 -15"><span class='ocrx_word' id='word_1_206' title='bbox 438 2027 535 2055; x_wconf 90' lang='lat' dir='ltr'>cum</span> <span class='ocrx_word' id='word_1_207' title='bbox 556 2015 651 2068; x_wconf 88' lang='lat' dir='ltr'>ipsa</span> <span class='ocrx_word' id='word_1_208' title='bbox 674 2016 881 2069; x_wconf 90' lang='lat' dir='ltr'>temporis</span> <span class='ocrx_word' id='word_1_209' title='bbox 907 2015 1170 2068; x_wconf 87' lang='lat' dir='ltr'>antiquitate</span> <span class='ocrx_word' id='word_1_210' title='bbox 1195 2021 1289 2055; x_wconf 90' lang='lat' dir='ltr'>tum</span> <span class='ocrx_word' id='word_1_211' title='bbox 1318 2027 1575 2068; x_wconf 82' lang='lat' dir='ltr'>magnorum</span> <span class='ocrx_word' id='word_1_212' title='bbox 1597 2014 1672 2067; x_wconf 92' lang='lat' dir='ltr'>qui</span> <span class='ocrx_word' id='word_1_213' title='bbox 1700 2015 1894 2056; x_wconf 88' lang='lat' dir='ltr'>assident</span> 
     </span>
     <span class='ocr_line' id='line_1_28' title="bbox 436 2083 1895 2136; baseline 0.001 -13"><span class='ocrx_word' id='word_1_214' title='bbox 436 2084 695 2125; x_wconf 88' lang='lat' dir='ltr'>auctoritate</span> <span class='ocrx_word' id='word_1_215' title='bbox 721 2085 924 2125; x_wconf 90' lang='lat' dir='ltr'>roborata</span> <span class='ocrx_word' id='word_1_216' title='bbox 949 2084 1155 2125; x_wconf 89' lang='lat' dir='ltr'>subsistit.</span> <span class='ocrx_word' id='word_1_217' title='bbox 1205 2083 1283 2124; x_wconf 90' lang='lat' dir='ltr'>Ab</span> <span class='ocrx_word' id='word_1_218' title='bbox 1309 2084 1402 2136; x_wconf 90' lang='lat' dir='ltr'>ipsa</span> <span class='ocrx_word' id='word_1_219' title='bbox 1428 2097 1617 2136; x_wconf 89' lang='lat' dir='ltr'>namque</span> <span class='ocrx_word' id='word_1_220' title='bbox 1643 2083 1762 2136; x_wconf 86' lang='lat' dir='ltr'>regni</span> <span class='ocrx_word' id='word_1_221' title='bbox 1794 2097 1895 2125; x_wconf 91' lang='lat' dir='ltr'>con-</span> 
     </span>
     <span class='ocr_line' id='line_1_29' title="bbox 436 2152 1895 2207; baseline 0.002 -16"><span class='ocrx_word' id='word_1_222' title='bbox 436 2152 666 2205; x_wconf 89' lang='lat' dir='ltr'>quisitione</span> <span class='ocrx_word' id='word_1_223' title='bbox 684 2166 760 2206; x_wconf 91' lang='lat' dir='ltr'>per</span> <span class='ocrx_word' id='word_1_224' title='bbox 776 2166 922 2207; x_wconf 87' lang='lat' dir='ltr'>regem</span> <span class='ocrx_word' id='word_1_225' title='bbox 940 2152 1208 2193; x_wconf 89' lang='lat' dir='ltr'>Willelmum</span> <span class='ocrx_word' id='word_1_226' title='bbox 1223 2153 1338 2193; x_wconf 88' lang='lat' dir='ltr'>facta</span> <span class='ocrx_word' id='word_1_227' title='bbox 1360 2153 1525 2205; x_wconf 85' lang='lat' dir='ltr'>cepisse</span> <span class='ocrx_word' id='word_1_228' title='bbox 1542 2152 1700 2193; x_wconf 88' lang='lat' dir='ltr'>dicitur</span> <span class='ocrx_word' id='word_1_229' title='bbox 1717 2159 1895 2206; x_wconf 89' lang='lat' dir='ltr'>sumpta</span> 
     </span>
     <span class='ocr_line' id='line_1_30' title="bbox 436 2220 1893 2274; baseline 0.001 -13"><span class='ocrx_word' id='word_1_230' title='bbox 436 2227 584 2262; x_wconf 84' lang='lat' dir='ltr'>tamen</span> <span class='ocrx_word' id='word_1_231' title='bbox 615 2222 749 2274; x_wconf 87' lang='lat' dir='ltr'>ipsius</span> <span class='ocrx_word' id='word_1_232' title='bbox 781 2222 949 2262; x_wconf 89' lang='lat' dir='ltr'>ratione</span> <span class='ocrx_word' id='word_1_233' title='bbox 990 2236 1016 2262; x_wconf 91' lang='lat' dir='ltr'>a</span> <span class='ocrx_word' id='word_1_234' title='bbox 1046 2221 1260 2262; x_wconf 86' lang='lat' dir='ltr'>scaccario</span> <span class='ocrx_word' id='word_1_235' title='bbox 1290 2220 1590 2261; x_wconf 88' lang='lat' dir='ltr'>transmarino.</span> <span class='ocrx_word' id='word_1_236' title='bbox 1651 2221 1819 2261; x_wconf 90' lang='lat' dir='ltr'>Verum</span> <span class='ocrx_word' id='word_1_237' title='bbox 1850 2221 1893 2262; x_wconf 90' lang='lat' dir='ltr'>in</span> 
     </span>
    </p>

    <p class='ocr_par' dir='ltr' id='par_1_13' title="bbox 377 2288 1894 2618">
     <span class='ocr_line' id='line_1_31' title="bbox 377 2288 1894 2343; baseline 0 -12"><span class='ocrx_word' id='word_1_238' title='bbox 377 2301 418 2331; x_wconf 79' lang='lat'>30</span> <span class='ocrx_word' id='word_1_239' title='bbox 437 2289 632 2342; x_wconf 89' lang='lat' dir='ltr'>plurimis</span> <span class='ocrx_word' id='word_1_240' title='bbox 647 2297 690 2330; x_wconf 89' lang='lat' dir='ltr'>et</span> <span class='ocrx_word' id='word_1_241' title='bbox 707 2304 820 2343; x_wconf 89' lang='lat' dir='ltr'>pene</span> <span class='ocrx_word' id='word_1_242' title='bbox 837 2290 1072 2331; x_wconf 89' lang='lat' dir='ltr'>maioribus</span> <span class='ocrx_word' id='word_1_243' title='bbox 1090 2289 1311 2331; x_wconf 86' lang='lat' dir='ltr'>dissident.</span> <span class='ocrx_word' id='word_1_244' title='bbox 1349 2288 1462 2330; x_wconf 85' lang='lat' dir='ltr'>Sunt</span> <span class='ocrx_word' id='word_1_245' title='bbox 1478 2289 1611 2330; x_wconf 84' lang='lat' dir='ltr'>etiarn</span> <span class='ocrx_word' id='word_1_246' title='bbox 1628 2289 1701 2341; x_wconf 89' lang='lat' dir='ltr'>qui</span> <span class='ocrx_word' id='word_1_247' title='bbox 1716 2289 1894 2331; x_wconf 84' lang='lat' dir='ltr'>credant</span> 
     </span>
     <span class='ocr_line' id='line_1_32' title="bbox 436 2357 1893 2412; baseline 0.001 -14"><span class='ocrx_word' id='word_1_248' title='bbox 436 2372 560 2399; x_wconf 84' lang='lat' dir='ltr'>vsum</span> <span class='ocrx_word' id='word_1_249' title='bbox 597 2359 690 2399; x_wconf 90' lang='lat' dir='ltr'>eius</span> <span class='ocrx_word' id='word_1_250' title='bbox 727 2359 807 2399; x_wconf 91' lang='lat' dir='ltr'>sub</span> <span class='ocrx_word' id='word_1_251' title='bbox 842 2359 1014 2412; x_wconf 80' lang='lat' dir='ltr'>regibus</span> <span class='ocrx_word' id='word_1_252' title='bbox 1054 2358 1255 2411; x_wconf 85' lang='lat' dir='ltr'>Anglicis</span> <span class='ocrx_word' id='word_1_253' title='bbox 1298 2358 1497 2398; x_wconf 83' lang='lat' dir='ltr'>extitisse</span> <span class='ocrx_word' id='word_1_254' title='bbox 1533 2357 1632 2398; x_wconf 91' lang='lat' dir='ltr'>hinc</span> <span class='ocrx_word' id='word_1_255' title='bbox 1668 2364 1893 2399; x_wconf 89' lang='lat' dir='ltr'>sumentes</span> 
     </span>
     <span class='ocr_line' id='line_1_33' title="bbox 436 2425 1891 2481; baseline 0 -15"><span class='ocrx_word' id='word_1_256' title='bbox 436 2426 564 2467; x_wconf 88' lang='lat' dir='ltr'>huius</span> <span class='ocrx_word' id='word_1_257' title='bbox 587 2428 645 2467; x_wconf 91' lang='lat' dir='ltr'>rei</span> <span class='ocrx_word' id='word_1_258' title='bbox 677 2434 984 2481; x_wconf 82' lang='lat' dir='ltr'>argumentum</span> <span class='ocrx_word' id='word_1_259' title='bbox 1017 2427 1134 2480; x_wconf 91' lang='lat' dir='ltr'>quod</span> <span class='ocrx_word' id='word_1_260' title='bbox 1167 2425 1307 2467; x_wconf 88' lang='lat' dir='ltr'>coloni</span> <span class='ocrx_word' id='word_1_261' title='bbox 1337 2433 1380 2466; x_wconf 88' lang='lat' dir='ltr'>et</span> <span class='ocrx_word' id='word_1_262' title='bbox 1409 2426 1493 2465; x_wconf 90' lang='lat' dir='ltr'>iam</span> <span class='ocrx_word' id='word_1_263' title='bbox 1525 2426 1734 2478; x_wconf 90' lang='lat' dir='ltr'>decrepiti</span> <span class='ocrx_word' id='word_1_264' title='bbox 1765 2439 1891 2467; x_wconf 90' lang='lat' dir='ltr'>senes</span> 
     </span>
     <span class='ocr_line' id='line_1_34' title="bbox 436 2494 1891 2550; baseline 0.001 -16"><span class='ocrx_word' id='word_1_265' title='bbox 436 2494 670 2536; x_wconf 83' lang='lat' dir='ltr'>fundorum</span> <span class='ocrx_word' id='word_1_266' title='bbox 693 2496 864 2537; x_wconf 90' lang='lat' dir='ltr'>illorum</span> <span class='ocrx_word' id='word_1_267' title='bbox 886 2497 961 2550; x_wconf 88' lang='lat' dir='ltr'>qui</span> <span class='ocrx_word' id='word_1_268' title='bbox 987 2508 1144 2537; x_wconf 91' lang='lat' dir='ltr'>corone</span> <span class='ocrx_word' id='word_1_269' title='bbox 1169 2495 1508 2535; x_wconf 87' lang='lat' dir='ltr'>annominantur</span> <span class='ocrx_word' id='word_1_270' title='bbox 1535 2507 1720 2546; x_wconf 90' lang='lat' dir='ltr'>quorum</span> <span class='ocrx_word' id='word_1_271' title='bbox 1744 2495 1787 2534; x_wconf 94' lang='lat' dir='ltr'>in</span> <span class='ocrx_word' id='word_1_272' title='bbox 1808 2494 1891 2536; x_wconf 90' lang='lat' dir='ltr'>hiis</span> 
     </span>
     <span class='ocr_line' id='line_1_35' title="bbox 437 2562 1890 2618; baseline -0.001 -15"><span class='ocrx_word' id='word_1_273' title='bbox 437 2575 546 2604; x_wconf 89' lang='lat' dir='ltr'>cana</span> <span class='ocrx_word' id='word_1_274' title='bbox 573 2565 782 2605; x_wconf 89' lang='lat' dir='ltr'>memoria</span> <span class='ocrx_word' id='word_1_275' title='bbox 813 2571 880 2605; x_wconf 90' lang='lat' dir='ltr'>est</span> <span class='ocrx_word' id='word_1_276' title='bbox 910 2565 1077 2618; x_wconf 88' lang='lat' dir='ltr'>optime</span> <span class='ocrx_word' id='word_1_277' title='bbox 1108 2563 1309 2604; x_wconf 90' lang='lat' dir='ltr'>nouerint</span> <span class='ocrx_word' id='word_1_278' title='bbox 1340 2577 1365 2604; x_wconf 91' lang='lat' dir='ltr'>a</span> <span class='ocrx_word' id='word_1_279' title='bbox 1398 2562 1596 2615; x_wconf 88' lang='lat' dir='ltr'>patribus</span> <span class='ocrx_word' id='word_1_280' title='bbox 1627 2562 1715 2603; x_wconf 88' lang='lat' dir='ltr'>suis</span> <span class='ocrx_word' id='word_1_281' title='bbox 1745 2563 1890 2604; x_wconf 91' lang='lat' dir='ltr'>edocti</span> 
     </span>
    </p>
   </div>
   <div class='ocr_carea' id='block_1_3' title="bbox 437 2668 1898 2904">
    <p class='ocr_par' dir='ltr' id='par_1_14' title="bbox 437 2668 1898 2904">
     <span class='ocr_line' id='line_1_36' title="bbox 486 2668 1898 2717; baseline 0.001 -14"><span class='ocrx_word' id='word_1_282' title='bbox 486 2677 503 2714; x_wconf 82' lang='lat'><strong>5</strong></span> <span class='ocrx_word' id='word_1_283' title='bbox 524 2670 755 2714; x_wconf 87' lang='lat' dir='ltr'>oportunius]</span> <span class='ocrx_word' id='word_1_284' title='bbox 770 2678 984 2717; x_wconf 88' lang='lat' dir='ltr'>apostumus</span> <span class='ocrx_word' id='word_1_285' title='bbox 999 2672 1059 2705; x_wconf 93' lang='lat' dir='ltr'>N:</span> <span class='ocrx_word' id='word_1_286' title='bbox 1087 2671 1202 2705; x_wconf 81' lang='lat' dir='ltr'>0m.R</span> <span class='ocrx_word' id='word_1_287' title='bbox 1343 2669 1365 2704; x_wconf 90' lang='lat'><strong>6</strong></span> <span class='ocrx_word' id='word_1_288' title='bbox 1375 2671 1466 2714; x_wconf 77' lang='lat' dir='ltr'>post</span> <span class='ocrx_word' id='word_1_289' title='bbox 1481 2668 1542 2703; x_wconf 88' lang='lat' dir='ltr'>xii.</span> <span class='ocrx_word' id='word_1_290' title='bbox 1559 2670 1643 2705; x_wconf 79' lang='lat' dir='ltr'>add.</span> <span class='ocrx_word' id='word_1_291' title='bbox 1662 2669 1833 2704; x_wconf 88' lang='lat' dir='ltr'>denarios</span> <span class='ocrx_word' id='word_1_292' title='bbox 1852 2670 1898 2704; x_wconf 93' lang='lat' dir='ltr'><em>N</em></span> 
     </span>
     <span class='ocr_line' id='line_1_37' title="bbox 439 2715 1896 2762; baseline 0.001 -13"><span class='ocrx_word' id='word_1_293' title='bbox 439 2723 530 2758; x_wconf 92' lang='lat'>7-14</span> <span class='ocrx_word' id='word_1_294' title='bbox 550 2716 853 2762; x_wconf 85' lang='lat' dir='ltr'>[computa]tores</span> <span class='ocrx_word' id='word_1_295' title='bbox 873 2745 881 2754; x_wconf 87' lang='lat'>.</span> <span class='ocrx_word' id='word_1_296' title='bbox 899 2745 907 2754; x_wconf 92' lang='lat'>.</span> <span class='ocrx_word' id='word_1_297' title='bbox 928 2744 936 2753; x_wconf 89' lang='lat'>.</span> <span class='ocrx_word' id='word_1_298' title='bbox 955 2718 1096 2753; x_wconf 86' lang='lat' dir='ltr'>ratione</span> <span class='ocrx_word' id='word_1_299' title='bbox 1114 2715 1173 2752; x_wconf 76' lang='lat' dir='ltr'>N³</span> <span class='ocrx_word' id='word_1_300' title='bbox 1352 2724 1371 2758; x_wconf 95' lang='lat'><em>7</em></span> <span class='ocrx_word' id='word_1_301' title='bbox 1392 2719 1479 2760; x_wconf 74' lang='lat' dir='ltr'>post</span> <span class='ocrx_word' id='word_1_302' title='bbox 1495 2716 1542 2750; x_wconf 88' lang='lat' dir='ltr'>iii.</span> <span class='ocrx_word' id='word_1_303' title='bbox 1556 2716 1640 2751; x_wconf 76' lang='lat' dir='ltr'>add.</span> <span class='ocrx_word' id='word_1_304' title='bbox 1659 2717 1831 2751; x_wconf 89' lang='lat' dir='ltr'>denarios</span> <span class='ocrx_word' id='word_1_305' title='bbox 1848 2717 1896 2750; x_wconf 95' lang='lat' dir='ltr'><em>N</em></span> 
     </span>
     <span class='ocr_line' id='line_1_38' title="bbox 438 2762 1889 2811; baseline 0.001 -15"><span class='ocrx_word' id='word_1_306' title='bbox 438 2762 556 2796; x_wconf 89' lang='lat' dir='ltr'>Lund.</span> <span class='ocrx_word' id='word_1_307' title='bbox 573 2763 609 2796; x_wconf 80' lang='lat' dir='ltr'><em>R</em></span> <span class='ocrx_word' id='word_1_308' title='bbox 621 2763 751 2799; x_wconf 85' lang='lat' dir='ltr'>fuerint</span> <span class='ocrx_word' id='word_1_309' title='bbox 769 2766 815 2799; x_wconf 92' lang='lat' dir='ltr'><em>N</em></span> <span class='ocrx_word' id='word_1_310' title='bbox 907 2775 946 2800; x_wconf 91' lang='lat'>11</span> <span class='ocrx_word' id='word_1_311' title='bbox 966 2777 1039 2811; x_wconf 91' lang='lat' dir='ltr'>qua</span> <span class='ocrx_word' id='word_1_312' title='bbox 1056 2776 1125 2799; x_wconf 86' lang='lat' dir='ltr'>om.</span> <span class='ocrx_word' id='word_1_313' title='bbox 1146 2764 1176 2799; x_wconf 88' lang='lat' dir='ltr'><em>C</em></span> <span class='ocrx_word' id='word_1_314' title='bbox 1271 2772 1312 2797; x_wconf 91' lang='lat'>12</span> <span class='ocrx_word' id='word_1_315' title='bbox 1339 2763 1436 2797; x_wconf 86' lang='lat' dir='ltr'>solus</span> <span class='ocrx_word' id='word_1_316' title='bbox 1455 2774 1522 2798; x_wconf 85' lang='lat' dir='ltr'>om.</span> <span class='ocrx_word' id='word_1_317' title='bbox 1542 2763 1589 2796; x_wconf 95' lang='lat' dir='ltr'><em>N</em></span> <span class='ocrx_word' id='word_1_318' title='bbox 1660 2773 1703 2806; x_wconf 90' lang='lat'>23</span> <span class='ocrx_word' id='word_1_319' title='bbox 1723 2763 1889 2798; x_wconf 85' lang='lat' dir='ltr'>onmium</span> 
     </span>
     <span class='ocr_line' id='line_1_39' title="bbox 437 2809 1888 2856; baseline 0.002 -15"><span class='ocrx_word' id='word_1_320' title='bbox 437 2820 505 2842; x_wconf 79' lang='lat' dir='ltr'>om.</span> <span class='ocrx_word' id='word_1_321' title='bbox 524 2810 568 2842; x_wconf 90' lang='lat' dir='ltr'><em>N</em></span> <span class='ocrx_word' id='word_1_322' title='bbox 637 2820 680 2852; x_wconf 82' lang='lat'>24</span> <span class='ocrx_word' id='word_1_323' title='bbox 700 2812 944 2856; x_wconf 83' lang='lat' dir='ltr'>propreiciant</span> <span class='ocrx_word' id='word_1_324' title='bbox 965 2813 995 2846; x_wconf 87' lang='lat' dir='ltr'><em>C</em></span> <span class='ocrx_word' id='word_1_325' title='bbox 1069 2821 1114 2856; x_wconf 89' lang='lat'>29</span> <span class='ocrx_word' id='word_1_326' title='bbox 1138 2810 1279 2845; x_wconf 87' lang='lat' dir='ltr'>ratione</span> <span class='ocrx_word' id='word_1_327' title='bbox 1292 2809 1406 2854; x_wconf 87' lang='lat' dir='ltr'>ipsius</span> <span class='ocrx_word' id='word_1_328' title='bbox 1427 2810 1458 2844; x_wconf 83' lang='lat' dir='ltr'><em>C</em></span> <span class='ocrx_word' id='word_1_329' title='bbox 1534 2819 1574 2853; x_wconf 79' lang='lat'>31</span> <span class='ocrx_word' id='word_1_330' title='bbox 1596 2812 1684 2855; x_wconf 76' lang='lat' dir='ltr'>post</span> <span class='ocrx_word' id='word_1_331' title='bbox 1701 2810 1786 2844; x_wconf 88' lang='lat' dir='ltr'>hinc</span> <span class='ocrx_word' id='word_1_332' title='bbox 1803 2809 1888 2844; x_wconf 84' lang='lat' dir='ltr'>add.</span> 
     </span>
     <span class='ocr_line' id='line_1_40' title="bbox 437 2856 1889 2904; baseline 0.001 -14"><span class='ocrx_word' id='word_1_333' title='bbox 437 2856 564 2901; x_wconf 89' lang='lat' dir='ltr'>crepiti</span> <span class='ocrx_word' id='word_1_334' title='bbox 584 2867 691 2892; x_wconf 89' lang='lat' dir='ltr'>senes</span> <span class='ocrx_word' id='word_1_335' title='bbox 710 2858 818 2902; x_wconf 75' lang='lat' dir='ltr'>(quae</span> <span class='ocrx_word' id='word_1_336' title='bbox 833 2859 907 2893; x_wconf 80' lang='lat' dir='ltr'>duo</span> <span class='ocrx_word' id='word_1_337' title='bbox 924 2859 1037 2894; x_wconf 79' lang='lat' dir='ltr'>verba</span> <span class='ocrx_word' id='word_1_338' title='bbox 1049 2859 1200 2904; x_wconf 78' lang='lat' dir='ltr'>punctis</span> <span class='ocrx_word' id='word_1_339' title='bbox 1216 2856 1366 2900; x_wconf 80' lang='lat' dir='ltr'>deleuit)</span> <span class='ocrx_word' id='word_1_340' title='bbox 1387 2857 1434 2890; x_wconf 90' lang='grc' dir='ltr'><em>Ν</em></span> <span class='ocrx_word' id='word_1_341' title='bbox 1547 2866 1590 2900; x_wconf 87' lang='lat'>32</span> <span class='ocrx_word' id='word_1_342' title='bbox 1616 2856 1667 2892; x_wconf 88' lang='lat' dir='ltr'>rei</span> <span class='ocrx_word' id='word_1_343' title='bbox 1685 2857 1794 2892; x_wconf 89' lang='lat' dir='ltr'>huius</span> <span class='ocrx_word' id='word_1_344' title='bbox 1812 2857 1889 2891; x_wconf 84' lang='lat' dir='ltr'>NR</span> 
     </span>
    </p>
   </div>
  </div>
 </body>
</html>
