2022 3281
393 157 473 199 108
878 159 965 200 DE
997 158 1357 207 SCACCARIO
1650 162 1687 223 [Ι
1708 166 1782 209 xvi
1805 177 1838 209 A

389 272 578 314 cundum
618 272 880 327 tripartitam
922 287 1068 315 earum
1112 274 1450 326 distinctionem,
1490 278 1574 320 hoc
1614 285 1681 321 est
1722 280 1839 321 Mer-

390 341 638 395 chenelage,
659 342 901 395 Danelage,
924 342 1320 398 Westsexenelage,
1342 348 1552 398 quasdam
1576 348 1840 402 repmbauit,

391 411 605 463 quasdam
628 417 775 452 autem
796 411 1044 465 approbans
1062 410 1146 451 illis
1166 414 1474 457 transmarinas
1496 417 1701 458 Neustrie
1721 416 1841 471 leges

391 492 476 531 que
515 479 572 520 ad
613 480 731 533 regni
778 493 932 533 pacem
974 481 1182 521 tuendam
1227 480 1522 525 efficacissime
1567 485 1843 537 videbantur,

354 570 371 601 5
392 547 559 589 adiecit.
602 549 792 588 Demum
816 562 869 588 ne
889 548 993 601 quid
1017 549 1166 590 deesse
1181 549 1410 602 videretur,
1433 553 1489 593 ad
1510 567 1684 594 omnem
1707 554 1843 595 totius

393 616 666 668 prouidentie
693 629 920 666 summam,
947 617 1266 659 communicato
1292 620 1483 670 consilio,
1509 621 1843 663 discretissimos

394 698 420 724 a
449 683 582 725 latere
611 698 690 725 suo
721 684 958 725 destinauit
983 685 1095 727 viros
1126 700 1203 739 per
1227 701 1410 741 regnum
1441 689 1484 729 in
1513 690 1705 732 circuitu.
1764 690 1843 731 Ab

391 752 473 793 hiis
508 752 657 806 itaque
690 753 825 794 totius
864 759 975 795 terre
1012 755 1246 809 descriptio
1282 757 1465 811 diligens
1502 757 1616 800 facta
1652 765 1716 800 est
1751 765 1843 800 tam

395 816 438 861 in
460 821 710 862 nemoribus
732 835 863 874 quam
881 824 1053 877 pascuis
1071 831 1115 866 et
1129 825 1275 878 pratis,
1291 840 1370 867 nec
1391 840 1476 867 non
1491 833 1536 868 et
1556 827 1842 880 agriculturis,

339 910 374 934 10
394 896 437 930 et
466 890 608 931 verbis
639 892 942 933 communibus
973 899 1182 936 annotata
1214 895 1257 935 in
1292 895 1448 936 librum
1481 896 1656 938 redacta
1687 903 1764 946 est,
1799 903 1846 937 vt

394 958 594 1001 videlicet
626 959 809 1012 quilibet
840 961 931 1002 iure
961 975 1039 1002 suo
1071 969 1301 1005 contentus
1332 964 1520 1006 alienum
1551 979 1639 1006 non
1669 971 1847 1019 vsurpet

394 1028 583 1081 impune.
631 1028 703 1070 Fit
720 1036 868 1070 autem
885 1030 1118 1085 descriptio
1135 1046 1213 1085 per
1228 1033 1473 1082 comitatus,
1490 1048 1566 1088 per
1583 1034 1847 1075 centuriatas

395 1102 439 1137 et
469 1096 608 1145 hidas,
631 1105 862 1150 prenotato
891 1099 934 1139 in
967 1099 1063 1153 ipso
1095 1101 1238 1154 capite
1260 1102 1371 1155 regis
1401 1103 1588 1154 nomine,
1609 1116 1659 1144 ac
1690 1102 1849 1143 deinde

395 1165 585 1206 seriatim
617 1166 801 1208 aliorum
833 1181 1061 1221 procerum
1093 1170 1339 1212 nominibus
1369 1171 1581 1225 appositis
1609 1172 1848 1212 secundum

341 1255 375 1286 15
400 1240 542 1276 status
562 1235 627 1275 sui
649 1235 920 1289 dignitatem,
938 1237 1010 1291 qui
1034 1238 1238 1280 videlicet
1259 1240 1315 1281 de
1332 1253 1434 1294 rege
1455 1246 1606 1282 tenent
1629 1241 1671 1280 in
1693 1240 1848 1293 capite.

398 1302 695 1357 Apponuntur
722 1312 868 1346 autem
895 1306 1076 1359 singulis
1104 1308 1270 1349 numeri
1300 1309 1540 1350 secundum
1567 1309 1763 1350 ordinem
1788 1308 1849 1349 sic

399 1372 631 1425 dispositis,
653 1387 729 1426 per
759 1387 867 1426 quos
899 1374 1076 1416 inferius
1107 1376 1151 1416 in
1182 1375 1275 1429 ipsa
1305 1377 1401 1418 libri
1432 1378 1540 1418 serie
1571 1391 1657 1430 que
1687 1377 1743 1418 ad
1775 1390 1850 1418 eos

352 1454 380 1485 B
399 1441 620 1495 pertinent
669 1442 834 1484 facilius
884 1451 1128 1486 occurrunt.
1211 1445 1300 1486 Hic
1358 1445 1467 1486 liber
1517 1446 1574 1487 ab
1634 1445 1849 1498 indigenis

403 1510 667 1551 ‘Domesdei
687 1508 696 1526 ’
711 1519 985 1564 nuncupatur
1006 1514 1049 1553 id
1075 1520 1140 1555 est
1162 1514 1256 1555 dies
1272 1514 1417 1556 iudicii
1440 1528 1517 1568 per
1534 1515 1850 1568 metaphoram.

342 1596 381 1619 20
401 1578 526 1620 Sicut
557 1579 673 1620 enim
704 1580 887 1623 districti
924 1588 967 1622 et
1003 1583 1205 1624 terribilis
1240 1584 1450 1624 examinis
1482 1583 1596 1624 illius
1628 1583 1852 1624 nouissimi

399 1648 615 1689 sententia
651 1648 769 1690 nulla
808 1650 1177 1703 tergiuersationis
1218 1658 1312 1694 arte
1345 1651 1459 1694 valet
1494 1652 1624 1703 eludi,
1658 1652 1718 1693 sic
1754 1665 1852 1692 cum

400 1723 496 1757 orta
518 1716 646 1758 fuerit
672 1716 715 1757 in
737 1730 872 1771 regno
902 1720 1127 1761 contentio
1156 1721 1210 1762 de
1235 1720 1316 1762 hiis
1345 1722 1474 1762 rebus
1500 1734 1584 1774 que
1611 1720 1696 1762 illic
1717 1733 1853 1761 anno-

399 1790 563 1836 tantur,
578 1799 676 1827 cum
694 1793 873 1827 ventum
892 1786 1019 1828 fuerit
1035 1789 1092 1829 ad
1112 1787 1286 1839 librum,
1304 1790 1519 1830 sententia
1541 1789 1632 1829 eius
1650 1787 1854 1829 infatuari

402 1867 491 1895 non
527 1860 673 1907 potest
708 1854 777 1896 vel
812 1856 992 1909 impune
1032 1857 1251 1899 declinari.
1325 1857 1398 1900 Ob
1432 1857 1516 1898 hoc
1552 1871 1632 1899 nos
1665 1858 1854 1898 eundem

344 1939 382 1971 ²5
401 1922 560 1963 librum
601 1923 922 1965 ‘iudiciarium'
965 1926 1298 1977 nominauimus,
1338 1940 1424 1968 non
1465 1926 1584 1980 quod
1621 1926 1664 1966 in
1707 1939 1759 1967 eo
1799 1925 1856 1967 de

403 1992 641 2046 propositis
662 1992 882 2047 aliquibus
902 1994 1046 2035 dubiis
1060 1994 1221 2036 feratur
1245 1996 1475 2045 sententia,
1491 2002 1556 2037 set
1577 1995 1696 2048 quod
1713 1994 1769 2036 ab
1790 2007 1855 2045 eo,

403 2061 515 2102 sicut
535 2076 561 2103 a
582 2063 779 2116 predicto
801 2063 970 2114 iudicio,
993 2078 1080 2105 non
1102 2064 1202 2106 licet
1223 2064 1311 2106 ulla
1333 2064 1498 2106 ratione
1520 2065 1754 2106 discedere.

458 2129 718 2184 Dz'sczpulus.
780 2131 898 2185 Quid
921 2133 1168 2184 comitatus,
1190 2133 1294 2186 quid
1317 2134 1558 2176 centuriata
1577 2132 1647 2173 vel
1673 2132 1778 2185 quid
1800 2132 1857 2173 sit

405 2199 510 2241 hida
545 2200 579 2240 si
616 2200 761 2254 placet
797 2202 997 2243 edissere.
1057 2201 1271 2256 Alioquin
1311 2202 1443 2255 plana
1483 2216 1570 2243 non
1610 2207 1736 2242 erunt
1771 2214 1859 2255 que

345 2299 386 2330 30
402 2269 610 2322 premissa
630 2276 744 2311 sunt.

295 2351 390 2388 xvii
463 2338 696 2391 Magister.
759 2338 965 2382 Ruricole
1001 2340 1156 2381 melius
1195 2340 1279 2382 hoc
1310 2345 1480 2381 norunt.
1539 2338 1715 2388 Verum,
1746 2338 1858 2379 sicut

407 2407 463 2448 ab
489 2407 592 2461 ipsis
622 2408 883 2462 accepimuS‚
904 2409 1009 2450 hida
1029 2423 1055 2450 a
1075 2409 1297 2462 primitiua
1319 2407 1591 2449 institutione
1613 2421 1670 2447 ex
1693 2420 1727 2448 c.
1751 2407 1860 2448 acris

407 2482 590 2517 constat.
654 2477 921 2519 Hundredus
950 2490 1054 2519 vero
1085 2491 1143 2518 ex
1173 2477 1375 2518 hidarum
1407 2475 1573 2530 aliquot
1603 2475 1860 2517 centenariis

407 2549 474 2584 set
504 2556 592 2585 non
623 2544 934 2587 determinatis.
998 2545 1189 2599 Quidam
1220 2546 1334 2587 enim
1361 2557 1417 2587 ex
1448 2543 1655 2598 pluribus,
1679 2544 1859 2597 quidam

456 2653 476 2677 2
495 2644 688 2689 Danelage
704 2657 773 2681 om.
790 2646 826 2680 R
921 2657 942 2692 3
967 2646 1049 2682 illas
1070 2647 1101 2682 C
1207 2654 1224 2691 5
1245 2644 1388 2690 deesse]
1408 2646 1538 2681 decem
1554 2646 1591 2680 R
1660 2644 1806 2680 videtur
1820 2644 1868 2678 N

409 2690 431 2725 6
448 2691 637 2735 prouincie
658 2693 690 2727 C
871 2703 893 2738 9
918 2701 954 2729 et
971 2698 1056 2728 ante
1072 2704 1141 2729 nec
1159 2704 1232 2728 non
1250 2693 1334 2727 add.
1353 2693 1430 2727 NR
1613 2702 1654 2735 14
1679 2692 1813 2728 seriato
1829 2691 1864 2744 C

412 2746 453 2780 17
474 2735 571 2781 libri]
591 2739 747 2773 membri
769 2740 800 2774 C
905 2742 947 2776 18
965 2747 1159 2775 occurrant
1176 2741 1212 2774 R
1317 2749 1359 2785 19
1378 2739 1585 2774 Domesdai
1606 2741 1637 2774 C
1737 2748 1778 2773 21
1807 2749 1861 2772 Slc

409 2795 478 2819 om.
496 2784 532 2818 R
631 2794 673 2818 22
700 2797 771 2830 que
788 2798 855 2821 om.
873 2788 908 2821 R
1012 2796 1054 2833 25
1082 2799 1156 2822 non
1174 2798 1242 2822 om.
1259 2787 1296 2822 R
1395 2787 1439 2821 28
1465 2786 1512 2822 sit
1528 2797 1599 2821 om.
1621 2787 1651 2822 C
1748 2794 1793 2830 34
1818 2796 1862 2819 ex

411 2842 479 2866 om.
502 2831 532 2866 C
624 2831 791 2877 quidam]
809 2834 968 2879 quedam
984 2835 1030 2868 N
