2022 3281
185 200 222 233 11
244 187 361 247 xxii]
663 190 749 231 DE
783 189 1150 233 SCACCARIO
1294 252 1295 255 Ἴ
1549 202 1627 250 153

183 305 275 346 siue
300 306 423 347 miles
454 305 509 347 sit
539 304 632 346 siue
663 319 761 355 non,
793 304 866 346 lex
895 303 1060 346 statuit.
1113 303 1172 345 Et
1203 304 1413 358 quoniam
1447 305 1630 348 liberum

183 380 248 417 est
283 375 458 417 cuilibet
493 375 644 416 baroni
688 388 767 428 pro
808 374 969 422 debito,
1010 373 1129 426 quod
1165 373 1222 414 ab
1258 374 1355 426 ipso
1391 375 1630 428 requiritur,

181 441 313 484 fidem
337 444 532 485 officialis
558 457 792 498 opponere,
813 449 860 484 vt
886 442 946 485 sic
976 441 1147 482 interim
1177 441 1443 483 vicecomitis
1470 443 1631 498 impor-

180 510 367 552 tunitate
398 515 540 550 careat
574 515 617 549 et
648 509 702 549 de
736 510 862 552 rebus
890 511 975 551 suis
1008 509 1262 564 oportunius
1291 510 1384 564 ipse
1414 511 1630 566 disponat,

182 591 236 618 ne
258 578 318 619 sic
341 578 383 619 in
405 578 661 619 immensum
685 578 787 633 regii
811 579 1004 620 mandati
1023 579 1221 620 videatur
1241 580 1477 622 auctoritas
1499 580 1629 632 eludi,
1650 599 1666 632 5

181 648 403 689 decretum
440 653 505 689 est
534 654 593 696 vt,
624 648 939 700 comprehenso
971 647 1044 688 illo
1074 647 1147 702 qui
1179 647 1265 689 lese
1295 647 1396 689 fidei
1429 662 1549 691 reum
1581 664 1626 691 se

179 729 266 756 non
303 716 569 758 satisfaciens
610 716 825 764 iudicauit,
859 715 1008 757 statim
1046 729 1071 756 a
1110 715 1364 757 vicecomite
1394 718 1629 760 seruientes

180 784 429 839 dirigantur,
450 786 524 839 qui
546 785 700 827 fundos
721 784 972 839 principalis
993 784 1158 826 domini
1185 785 1508 838 perlustrantes,
1529 802 1629 828 ven-

179 853 281 895 ditis
322 868 596 908 quocumque
636 853 767 894 modo
811 852 988 903 catalliS,
1026 866 1243 894 summam
1285 854 1538 907 requisitam
1573 856 1629 896 ad

177 924 438 965 scaccarium
466 924 657 965 eiusdem
689 923 865 963 termini
896 921 1103 973 deferant,
1130 929 1173 963 et
1194 923 1375 963 tandem
1407 923 1479 964 ille
1509 937 1628 965 com·
1651 944 1691 967 10

178 992 411 1045 prehensus
439 1006 518 1046 pro
548 991 635 1033 fide
664 990 753 1032 lesa
782 991 908 1032 iuxta
938 991 1269 1044 possibilitatem
1302 1005 1425 1032 suam
1453 994 1627 1046 pecuni-

176 1062 311 1102 ariam
335 1076 491 1115 penam
517 1061 608 1102 luat
639 1066 683 1101 et
715 1059 902 1113 amplius
932 1073 1061 1113 super
1085 1060 1239 1100 eodem
1271 1059 1435 1109 debito,
1457 1061 1628 1103 etiamsi

177 1131 378 1171 dominus
400 1130 653 1185 preceperit,
675 1129 729 1169 ad
755 1128 886 1169 fidem
908 1128 1100 1168 dandam
1121 1141 1206 1168 non
1228 1129 1499 1170 admittatur.

235 1199 485 1253 Principalis
516 1199 649 1240 etiam
683 1197 884 1239 dominus
913 1209 967 1237 ne
999 1196 1080 1236 hec
1105 1197 1281 1249 impune
1314 1197 1628 1252 presumpsisse
1646 1202 1740 1238 xxii

176 1267 384 1319 videatur,
414 1281 502 1308 non
533 1281 608 1321 per
635 1266 767 1307 fidem
800 1265 1025 1319 supposite
1055 1278 1249 1319 persone,
1274 1266 1350 1305 sed
1380 1265 1520 1306 solum
1552 1280 1629 1319 per
1652 1280 1688 1312 15

175 1337 409 1390 propriam,
431 1336 654 1378 dilationis
675 1333 933 1376 beneficium
959 1333 1288 1387 promerebitur,
1310 1334 1344 1374 si
1369 1333 1480 1375 forte
1500 1347 1630 1386 super

175 1406 329 1447 eodem
360 1406 502 1459 ipsum
541 1405 696 1446 iterato
727 1403 992 1444 summoneri
1032 1403 1275 1456 contigerit.
1337 1402 1449 1444 Sunt
1480 1409 1629 1443 tamen

173 1474 246 1528 qui
269 1475 446 1516 credant
467 1479 515 1515 vt
538 1473 593 1514 de
618 1479 762 1514 cetero
782 1484 912 1525 super
940 1471 1095 1512 eodem
1119 1471 1270 1512 debito
1298 1484 1375 1512 nec
1398 1471 1529 1511 etiam
1552 1485 1629 1524 per

172 1543 306 1584 fidem
321 1542 542 1598 propriam
558 1555 694 1595 vsque
710 1542 767 1583 ad
785 1540 1047 1582 scaccarium
1066 1554 1091 1580 a
1104 1540 1357 1581 vicecomite
1371 1539 1628 1581 dilationem

173 1612 381 1653 obtineat.
454 1611 588 1665 Quod
629 1610 807 1663 quidem
849 1607 1112 1650 beneficium
1154 1608 1376 1650 dilationis
1417 1621 1626 1662 magnum
1651 1631 1690 1653 20

173 1680 334 1731 dicunt,
357 1680 431 1734 qui
461 1679 565 1720 fisco
593 1684 826 1728 tenentur;
857 1683 1038 1731 possunt
1067 1676 1182 1717 enim
1211 1676 1384 1718 interim
1415 1678 1470 1718 de
1499 1677 1628 1719 rebus

172 1750 259 1790 suis
283 1749 429 1790 mitius
451 1748 685 1802 disponere
712 1753 754 1788 et
776 1746 911 1788 dilate
927 1760 1004 1800 per
1024 1745 1202 1799 aliquod
1223 1752 1398 1799 tempus
1421 1746 1627 1787 solutioni

171 1817 410 1859 necessaria
442 1829 683 1870 preparare.
757 1814 873 1868 Quin
903 1814 1049 1868 potius
1082 1814 1233 1855 dicunt
1265 1815 1394 1867 quod,
1425 1821 1627 1867 suscepta

171 1885 520 1935 summonitione,
542 1884 671 1926 liceat
698 1882 942 1924 vicecomiti
973 1881 1099 1922 iuxta
1131 1895 1407 1923 communem
1439 1882 1625 1924 aliorum

172 1955 312 2007 legem
334 1954 482 1995 statim
504 1954 548 1993 in
569 1951 728 1994 catalla
748 1951 882 2005 ipsius
904 1963 1080 1990 manum
1107 1951 1294 1991 mittere.
1355 1950 1451 2001 His,
1474 1951 1624 2003 fateor,
1645 1972 1682 2004 ²5

173 2037 256 2077 ego
277 2036 450 2075 prorsus
476 2035 563 2063 non
589 2019 810 2067 dissentio,
832 2020 866 2059 si
896 2025 1043 2060 tamen
1071 2018 1218 2059 multis
1247 2018 1414 2060 indiciis
1438 2026 1480 2061 et
1502 2021 1624 2061 testi—

172 2092 328 2132 moniis
365 2089 595 2132 verisimile
634 2089 831 2130 videatur
867 2100 1115 2140 procurasse
1151 2087 1377 2128 dominum
1412 2094 1459 2129 vt
1501 2088 1623 2130 miles

171 2175 273 2201 suus
303 2160 369 2200 his
400 2159 569 2200 casibus
601 2163 902 2210 exponeretur,
934 2155 1134 2209 quatinus
1166 2162 1313 2208 posset
1343 2156 1435 2210 ipse
1461 2157 1529 2198 vel
1561 2159 1621 2199 sic

170 2229 340 2270 interim
362 2227 545 2268 liberari.
607 2225 752 2267 Huius
776 2231 922 2265 autem
951 2224 1008 2264 rei
1036 2224 1349 2265 validissimum
1378 2231 1443 2267 est
1470 2233 1622 2268 contra

170 2298 395 2339 dominum
432 2300 751 2349 argumentum,
787 2294 822 2334 si
860 2293 1072 2346 copiosuS‚
1107 2294 1143 2334 si
1185 2293 1312 2335 rebus
1348 2293 1619 2345 habundans,
1639 2315 1680 2347 30

169 2367 204 2407 si
245 2366 449 2407 solutioni
495 2364 710 2407 sufficiens
751 2376 776 2402 a
817 2361 1073 2403 vicecomite
1122 2362 1249 2403 simul
1293 2369 1336 2404 et
1387 2377 1414 2404 a
1461 2363 1619 2404 vicinia

170 2435 398 2477 iudicetur.

226 2503 483 2556 Dz'scipulus.
546 2501 741 2556 Dignum
793 2513 941 2541 revera
990 2506 1056 2540 est
1094 2506 1143 2541 vt
1191 2500 1226 2540 is
1277 2499 1489 2542 indultam
1534 2501 1617 2542 sibi

168 2572 352 2626 gratiam
389 2571 677 2620 demereatur,
708 2569 782 2622 qui
815 2568 858 2609 in
889 2568 1054 2609 datoris
1085 2568 1176 2608 eius
1201 2568 1434 2622 perniciem
1465 2570 1616 2611 eadem

168 2641 328 2682 abusus
351 2645 429 2679 est.
1637 2649 1677 2682 35

225 2707 454 2761 Magister.
507 2706 661 2748 Habes
677 2720 733 2747 ex
750 2705 1084 2759 precedentibus
1099 2710 1335 2759 Vtcumque
1351 2706 1618 2756 distinctum,

216 2808 232 2834 1
261 2796 429 2832 liberium
446 2798 481 2831 R
585 2805 626 2840 17
644 2794 920 2831 summonitioni
936 2796 972 2830 R
1099 2797 1143 2832 26
1169 2795 1215 2841 si]
1233 2802 1289 2833 set
1309 2797 1356 2831 N
1458 2794 1509 2842 et]
1529 2796 1566 2831 in
1584 2797 1621 2831 R

169 2856 211 2891 33
239 2845 405 2889 Dignum
421 2855 489 2878 om.
507 2843 554 2879 N
641 2843 699 2879 his
716 2844 764 2878 N
850 2843 895 2887 36
920 2849 1115 2889 vti-umque
1131 2845 1167 2879 R

234 2926 274 2945 οε
296 2925 385 2944 saxee.
878 2911 911 2942 X
