2022 3281
75 191 92 224 1
115 183 159 224 iii
181 179 235 239 D]
568 182 655 225 DE
688 180 1049 226 SCACCARIO
1483 184 1536 239 63

75 295 444 338 numerandorum
482 297 526 338 id
557 297 612 338 de
642 311 730 351 quo
760 297 989 338 dubitatur
1018 295 1236 350 proicitur.
1316 293 1397 352 [Et
1429 302 1534 338 nota

75 365 290 417 quosdam
324 365 558 406 comitatus
591 380 617 406 a
651 373 851 419 tempore
883 366 995 419 regis
1032 364 1213 406 Henrici
1250 364 1378 418 primi
1411 371 1455 405 et
1492 366 1536 405 in

75 440 273 487 ternpore
304 434 417 488 regis
448 434 628 477 Henrici
657 434 834 475 secundi
865 434 980 475 licite
1012 433 1207 487 potuisse
1237 433 1536 487 cuiuscunque

75 509 252 543 monete
279 503 480 545 denarios
509 503 714 545 solutioni
735 502 890 544 offerre
910 502 1152 544 dummodo
1174 502 1369 557 argentei
1390 509 1536 543 essent

73 576 118 612 et
152 571 333 624 ponderi
369 571 567 625 legitimo
604 585 691 612 non
732 573 986 620 obstarent;
1028 572 1133 624 quia
1173 571 1339 612 scilicet
1382 584 1533 612 mone·
1553 589 1570 622 5

74 639 206 681 tarios
242 653 298 680 ex
335 640 514 693 antiqua
556 639 829 682 institutione
869 654 956 681 non
996 640 1209 682 habentes
1247 640 1535 693 vndecunque

74 708 156 749 sibi
187 708 383 749 denarios
412 708 733 763 perquirebant,
761 708 911 762 quales
942 715 1043 750 sunt
1075 708 1461 750 Norhumberland
1491 714 1537 751 et

76 776 385 820 Cumberland.
450 777 522 820 Sic
558 785 707 819 autem
742 778 931 832 suscepti
966 777 1145 826 denarii,
1187 778 1289 819 licet
1320 778 1374 819 de
1410 777 1537 819 firma

75 852 232 894 essent,
252 859 446 887 seorsum
469 852 616 888 tamen
643 847 698 887 ab
723 846 818 888 aliis
839 860 937 888 cum
960 846 1222 900 quibusdam
1245 846 1376 900 signis
1397 861 1534 901 appo-

75 915 168 956 sitis
194 915 490 957 mittebantur.
553 914 726 968 Reliqui
751 929 853 956 vero
884 915 1117 956 comitatus
1149 915 1264 955 solos
1290 914 1459 957 vsuales
1489 923 1533 957 et
1554 932 1594 955 ιο

75 983 274 1025 instantis
297 991 474 1025 monete
498 983 734 1038 legittimos
755 984 954 1025 denarios
975 990 1067 1025 tam
1089 984 1144 1024 de
1166 983 1300 1024 firmis
1321 997 1454 1036 quam
1476 984 1531 1024 de
1550 989 1577 1021 C

74 1052 244 1106 placitis
275 1052 528 1094 afferebant.
589 1052 664 1103 At,
695 1059 927 1106 postquam
960 1067 1038 1094 rex
1069 1053 1247 1094 illustris
1282 1053 1405 1094 cuius
1435 1052 1531 1093 laus

75 1128 140 1163 est
176 1122 219 1162 in
257 1122 384 1163 rebus
420 1121 589 1175 magnis
626 1120 909 1163 excellentior
943 1122 1023 1162 sub
1061 1121 1312 1163 monarchia
1345 1136 1421 1163 sua
1456 1136 1533 1176 per

74 1190 320 1231 vniuersum
349 1204 531 1244 regnum
558 1204 690 1231 vnum
721 1191 894 1243 pondus
926 1196 969 1232 et
994 1204 1125 1231 vnam
1157 1198 1380 1232 monetam
1413 1191 1534 1232 insti-

74 1259 168 1307 tuit,
190 1259 329 1300 omnis
354 1258 588 1300 comitatus
617 1272 703 1299 vna
733 1258 840 1312 legis
871 1259 1131 1300 necessitate
1161 1259 1300 1300 teneri
1332 1266 1375 1300 et
1404 1272 1533 1312 gene·
1555 1274 1593 1306 15

75 1328 174 1368 ralis
213 1327 457 1369 commercii
498 1327 706 1368 solutioni
748 1328 864 1380 cepit
905 1326 1101 1381 obligari.
1178 1327 1346 1369 Omnes
1387 1327 1534 1381 itaque

73 1398 190 1438 idem
206 1402 379 1437 monete
392 1409 529 1450 genus
542 1396 942 1450 quomodocunque
955 1402 1187 1438 teneantur
1199 1396 1389 1437 soluunt.
1441 1396 1533 1438 Sed

72 1471 219 1507 tamen
256 1464 497 1506 exactionis
539 1479 624 1518 que
655 1466 709 1506 de
745 1465 1050 1507 combustione
1082 1465 1285 1519 prouenit
1321 1465 1533 1507 iacturam

73 1547 224 1576 omnes
246 1548 332 1575 non
346 1531 597 1591 sustinent]
648 1534 760 1577 Item
781 1535 839 1576 hii
860 1535 998 1577 taleas
1015 1534 1177 1576 faciunt
1193 1535 1249 1575 de
1271 1535 1470 1587 receptis,
1490 1540 1534 1576 et

73 1617 303 1644 commune
325 1609 390 1645 est
411 1603 473 1645 eis
502 1617 600 1644 cum
623 1604 778 1646 clerico
798 1603 1056 1645 thesaurarii
1076 1610 1123 1644 vt
1146 1616 1224 1657 per
1250 1603 1399 1644 breuia
1421 1603 1533 1658 regis
1554 1618 1594 1640 20

71 1672 138 1713 vel
153 1679 359 1727 precepto
376 1672 602 1721 baronum,
620 1672 873 1715 thesaurum
888 1678 1141 1725 susceptum
1158 1672 1428 1726 expendant,
1444 1686 1532 1713 non

72 1747 218 1783 tamen
250 1741 502 1783 inconsultis
530 1743 716 1783 dominis
749 1743 848 1783 suis.
912 1742 988 1783 Hii
1013 1748 1100 1783 tres
1130 1741 1256 1782 simul
1282 1755 1434 1783 omnes
1463 1741 1532 1783 vel

72 1811 253 1852 vicissim
266 1824 365 1853 cum
382 1811 587 1852 thesauro
605 1811 838 1852 mittuntur
853 1824 952 1852 cum
967 1810 1222 1865 oportuerit.
1277 1810 1377 1852 Hiis
1394 1811 1532 1851 tribus

71 1880 278 1934 precipua
292 1893 392 1921 cura
409 1886 472 1921 est
489 1880 531 1920 in
546 1880 750 1921 omnibus
764 1879 846 1920 hiis
863 1893 949 1932 que
970 1880 1158 1921 inferiori
1181 1880 1393 1921 scaccario
1410 1879 1529 1921 fiunt.

128 1948 387 2001 Dz’scz‘p2clus.
450 1948 570 2002 Ergo
590 1955 639 1990 vt
658 1949 786 1989 video
813 1948 913 1990 licet
941 1948 1022 1989 hiis
1051 1962 1130 2002 per
1158 1948 1292 1989 breue
1322 1948 1434 2001 regis
1462 1947 1530 1989 vel
1552 1959 1591 1992 25

73 2023 280 2071 precepto
312 2030 461 2057 eorum
494 2016 567 2069 qui
600 2017 820 2070 president
851 2016 1104 2058 thesaurum
1140 2022 1393 2069 susceptum
1429 2029 1531 2058 con-

72 2085 198 2127 sultis
219 2091 364 2126 tamen
388 2085 574 2126 dominis
596 2085 681 2126 suis
703 2086 963 2139 expendere.

131 2154 357 2207 Magister.
420 2154 557 2202 Licet,
580 2154 768 2207 inquam,
789 2154 872 2194 hoc
895 2153 1039 2195 modo.
1103 2153 1173 2194 De
1204 2152 1532 2195 liberationibus

72 2223 353 2265 seruientium
393 2222 603 2263 inferioris
642 2222 843 2264 scaccarii
884 2228 928 2263 et
968 2223 1024 2263 de
1065 2222 1240 2263 minutis
1281 2223 1532 2264 necessariis

72 2292 270 2334 scaccarii
307 2292 513 2340 emendis,
547 2291 695 2345 qualia
732 2299 832 2332 sunt
864 2305 969 2332 vasa
1005 2291 1078 2332 illa
1110 2291 1250 2345 lignea
1283 2298 1327 2333 et
1361 2291 1444 2332 alia
1475 2292 1531 2333 de
1548 2303 1591 2336 30

73 2361 230 2415 quibus
252 2360 360 2401 infra
383 2360 560 2410 dicetur,
582 2374 731 2401 eorum
754 2359 853 2401 fidei
879 2359 1174 2401 committitur.
1236 2359 1362 2400 Alias
1382 2367 1530 2401 autem

72 2443 170 2471 non.
222 2428 309 2483 Qui
326 2443 428 2470 vero
448 2427 580 2469 breue
602 2429 714 2482 regis
729 2428 796 2469 vel
819 2434 984 2469 cartam
1007 2427 1211 2470 detulerit
1234 2442 1313 2481 pro
1334 2429 1526 2482 pecunia,

72 2497 408 2552 precipientibus
442 2497 632 2539 dominis
664 2496 765 2547 suis,
796 2496 878 2538 hac
909 2498 948 2538 ei
980 2496 1076 2550 lege
1107 2496 1301 2538 soluatur
1331 2498 1376 2538 id
1407 2498 1526 2551 quod
1545 2506 1579 2538 D

73 2580 279 2620 expresse
299 2566 546 2608 nominatur
567 2566 611 2607 in
633 2566 753 2608 breui
773 2571 834 2616 vt,
857 2572 1093 2619 antequam
1115 2572 1257 2616 exeat,
1278 2573 1526 2620 susceptam

122 2667 136 2692 1
166 2657 203 2692 id
220 2658 267 2692 de
283 2668 357 2703 quo
374 2658 611 2702 scripsimus:
638 2657 738 2692 idem
755 2657 855 2702 quod
876 2657 906 2691 C
986 2656 1032 2691 de
1047 2667 1120 2702 quo
1134 2657 1211 2691 NR
1295 2665 1312 2702 5
1329 2657 1428 2702 quod
1443 2656 1472 2692 si
1486 2657 1534 2692 N

72 2714 94 2749 9
119 2704 355 2750 quibusdam]
375 2704 508 2750 quibus
526 2705 573 2738 N
710 2714 752 2739 10
777 2704 1018 2738 mittebantur
1034 2705 1081 2739 C:
1108 2703 1303 2739 mittebant
1317 2705 1378 2739 N:
1406 2705 1474 2740 lac.
1492 2705 1528 2739 R

75 2760 114 2786 11
137 2751 260 2785 firmas
273 2752 308 2785 R
396 2760 435 2797 15
455 2762 586 2786 omnes
602 2751 650 2786 N
727 2751 769 2785 16
787 2749 1014 2794 commercii]
1028 2762 1048 2785 c
1067 2776 1075 2785 .
1093 2776 1101 2784 .
1120 2777 1128 2785 .
1146 2752 1182 2785 R
1257 2760 1297 2795 17
1316 2758 1467 2786 teneant
1486 2752 1534 2785 N

76 2807 119 2841 19
144 2797 349 2832 sustineant
366 2799 412 2833 N
496 2808 540 2841 24
566 2798 657 2834 fiunt
679 2798 710 2834 C
722 2799 763 2832 in
781 2807 940 2831 rasura:
966 2796 1073 2832 fuerit
1090 2798 1127 2832 R
1214 2808 1258 2843 29
1284 2798 1526 2834 seruientium

67 2847 154 2891 post
165 2844 339 2881 scaccarii
351 2848 465 2892 pontt
480 2846 512 2882 C
525 2856 644 2892 marg.
767 2854 823 2890 33,
839 2854 883 2889 34
901 2844 939 2880 id
957 2870 965 2880 .
982 2870 991 2881 .
1011 2871 1020 2883 .
1038 2844 1250 2881 nominatur
1262 2857 1330 2882 om.
1348 2847 1384 2881 R
