2022 3281
400 177 483 218 104
885 165 972 206 DE
1004 162 1364 206 SCACCARIO
1686 162 1724 223 [Ι
1745 165 1792 207 xi
1815 173 1845 207 E

395 296 544 325 verum
567 282 700 324 etiam
725 294 803 336 per
822 279 1069 322 vniuersum
1095 289 1280 330 regnum
1304 278 1563 331 presidentis
1585 279 1844 335 dignitatern

396 352 642 406 optinuerit.
725 350 813 390 Hic
854 347 987 390 semel
1028 346 1280 387 imminente
1318 346 1564 389 visitatione
1603 361 1844 397 nemorum,

395 434 530 474 quam
561 419 820 472 reguardam
851 415 983 469 vulgo
1013 414 1174 463 dicunt,
1196 428 1283 468 que
1319 415 1446 457 tertio
1476 429 1591 457 anno
1622 416 1684 465 fit,
1712 416 1845 457 breue

395 490 508 543 regis
537 487 725 530 obtinuit
753 492 801 527 vt
831 485 1003 537 quietus
1033 488 1147 524 esset
1178 484 1234 524 ab
1264 482 1344 523 hiis
1374 497 1459 537 que
1490 485 1545 525 de
1572 491 1686 526 terra
1711 485 1845 539 ipsius

358 569 475 613 5pro
516 556 690 598 essartis
735 553 1035 607 exigebantur,
1079 552 1281 607 apposito
1329 566 1510 593 numero
1553 554 1628 607 qui
1669 555 1724 595 de
1762 554 1844 594 hiis

396 626 649 679 exurgebat.
712 623 812 676 Quo
841 621 987 662 delato
1017 628 1061 662 et
1088 621 1200 662 lecto
1226 621 1283 663 ad
1311 622 1575 663 scaccarium
1604 622 1646 662 in
1669 622 1845 676 publico

394 695 629 748 stupebant
669 705 820 733 omnes
852 697 895 732 et
932 690 1214 739 mirabantur,
1244 689 1437 731 dicentes
1473 690 1660 731 ‘Nonne
1699 704 1846 732 comes

394 764 474 805 iste
516 762 761 803 libertatem
802 765 996 801 nostram
1037 758 1281 800 infirmat?'
1357 758 1674 800 Contuentibus
1715 760 1847 812 igitur

393 846 439 874 se
464 832 650 872 inuicem
681 829 753 883 qui
784 829 1033 871 assidebant
1063 841 1247 869 exorsus
1275 833 1341 869 est
1371 826 1504 868 felicis
1532 828 1740 868 memorie
1765 828 1846 868 Ni-

336 921 376 944 10
393 901 542 956 gellus,
564 908 667 942 tunc
692 898 892 952 Elyensis
920 897 1163 951 episcopus,
1185 897 1246 937 sic
1272 896 1470 951 inquiens
1497 909 1596 936 cum
1619 897 1845 938 modestia.

393 973 402 990 ‘
422 969 611 1010 Domine
639 981 797 1017 comes,
818 967 983 1008 irritam
1007 965 1159 1007 fecisse
1183 965 1342 1006 videris
1365 978 1441 1018 per
1466 964 1550 1005 hoc
1574 964 1706 1005 breue
1727 978 1845 1006 scac-

392 1038 494 1080 carii
526 1038 797 1092 dignitatem,
819 1037 894 1089 qui
924 1035 1182 1076 mandatum
1214 1033 1326 1087 regis
1357 1034 1412 1074 de
1441 1033 1523 1074 hiis
1553 1034 1681 1074 rebus
1709 1034 1845 1088 impe-

395 1107 518 1149 trasti
559 1121 585 1148 a
626 1106 783 1160 quibus
815 1105 922 1146 liber
963 1117 1009 1146 es
1049 1117 1128 1157 per
1168 1103 1403 1144 sessionem
1440 1103 1642 1144 scaccarii
1664 1115 1674 1152 ;
1724 1116 1774 1143 ac
1810 1102 1848 1143 si

393 1181 707 1231 consequenter
727 1175 888 1217 amodo
916 1188 993 1227 per
1018 1173 1161 1214 locum
1184 1187 1210 1214 a
1238 1171 1388 1214 maiori
1411 1172 1571 1212 debeat
1598 1172 1750 1220 inferri,
1772 1173 1846 1225 qui

334 1263 374 1296 15
393 1247 448 1288 de
470 1245 642 1287 essartis
664 1244 797 1285 breue
817 1243 930 1297 regis
952 1256 1038 1283 non
1061 1241 1241 1292 obtinet,
1262 1240 1469 1282 solutioni
1498 1254 1605 1281 mox
1627 1240 1847 1282 obnoxius

393 1314 481 1356 fiat.
543 1312 633 1363 Set,
664 1311 785 1353 salua
815 1310 1069 1360 reuerentia,
1094 1310 1360 1365 perniciosus
1391 1316 1468 1357 est,
1490 1315 1669 1362 propter
1698 1322 1846 1350 exem-

392 1383 525 1443 plum,
546 1382 616 1423 hic
638 1379 924 1422 absolutionis
941 1378 1126 1421 modus.'
1186 1378 1298 1420 Cum
1320 1377 1461 1431 igitur,
1481 1385 1529 1419 vt
1551 1378 1600 1419 fit
1623 1379 1665 1418 in
1687 1378 1846 1428 dubiis,

392 1451 568 1505 quidam
603 1450 675 1500 sic,
711 1448 889 1502 quidam
926 1448 1049 1489 aliter
1087 1447 1307 1495 sentirent,
1344 1445 1500 1487 allatus
1542 1452 1608 1486 est
1641 1445 1684 1486 in
1720 1446 1846 1488 huius

393 1520 452 1560 rei
482 1519 663 1560 validius
695 1522 1011 1572 argumentum,
1033 1515 1200 1558 rotulus
1227 1514 1395 1555 annalis
1426 1515 1479 1555 de
1507 1520 1706 1567 tempore
1732 1515 1845 1568 regis

333 1610 373 1633 20
395 1588 505 1629 illius
541 1586 698 1640 magni,
735 1586 856 1627 cuius
891 1599 1021 1639 supra
1056 1583 1343 1636 meminimus,
1374 1584 1455 1625 sub
1486 1597 1573 1636 quo
1609 1582 1843 1636 plurimum

393 1656 588 1698 floruisse
619 1656 778 1696 dicitur
808 1654 997 1708 dignitas
1021 1659 1065 1694 et
1096 1652 1277 1694 scientia
1307 1653 1520 1703 scaccarii,
1542 1658 1586 1692 et
1616 1652 1843 1693 inuentum

391 1734 458 1768 est
478 1725 640 1778 aliquid
663 1724 779 1778 quod
803 1724 1005 1776 episcopo
1027 1723 1082 1762 de
1103 1721 1315 1775 dignitate
1337 1721 1618 1762 residentium
1635 1720 1843 1775 alleganti

345 1810 373 1841 F
393 1808 632 1837 consonum
653 1793 893 1834 videbatur.
976 1790 1148 1844 Quibus
1169 1789 1329 1831 auditis
1357 1789 1578 1843 paulisper
1599 1789 1845 1831 deliberans

392 1878 537 1906 secum
559 1876 706 1905 comes
727 1862 787 1903 sic
805 1862 866 1902 ait
886 1863 895 1880 ‘
908 1861 1068 1901 Fateor
1084 1873 1154 1900 me
1175 1872 1305 1912 super
1325 1858 1407 1899 hiis
1423 1858 1555 1899 breue
1577 1858 1687 1911 regis
1705 1858 1844 1912 impe-

332 1947 371 1980 25
391 1939 540 1983 trasse‚
561 1946 647 1973 non
663 1938 709 1972 vt
726 1931 791 1972 ius
806 1936 1000 1971 vestrum
1018 1927 1292 1974 infirmarem,
1309 1933 1375 1968 set
1392 1932 1439 1968 vt
1461 1927 1520 1967 sic
1536 1927 1627 1968 sine
1644 1926 1846 1969 molestia

391 2001 653 2044 declinarem
707 2000 985 2054 inportunam
1042 1997 1181 2047 nimis,
1226 1995 1316 2050 regi
1367 2002 1515 2037 tamen
1566 1996 1844 2050 incognitam,

389 2070 651 2112 Alaniorum
682 2065 984 2110 exactionem?
1047 2065 1274 2107 Abdicans
1305 2078 1409 2119 ergo
1445 2066 1577 2106 breue
1612 2079 1739 2107 suurn
1767 2080 1844 2119 per

390 2138 636 2180 libertatem
659 2137 858 2179 sessionis
882 2136 1092 2190 preelegit
1108 2134 1289 2177 absolui.
1351 2134 1622 2176 Succedente
1643 2142 1845 2189 tempore

390 2223 490 2251 cum
526 2208 746 2262 predictus
786 2207 1015 2261 episcopus
1049 2205 1300 2246 infirmitate
1334 2205 1538 2245 detentus
1571 2205 1724 2246 adesse
1757 2219 1846 2247 non

331 2300 372 2332 30
390 2285 550 2332 posset,
585 2292 656 2318 me
693 2277 789 2330 ipso
822 2275 1055 2330 supplente
1087 2275 1144 2316 ad
1177 2273 1439 2315 scaccarium
1474 2273 1591 2314 vices
1629 2274 1764 2327 ipsius
1801 2275 1845 2316 in

390 2348 545 2401 quibus
584 2354 797 2402 poteram,
838 2344 1021 2398 contigit
1068 2350 1231 2386 essarta
1270 2342 1391 2385 solui.
1469 2342 1582 2384 Cum
1633 2357 1738 2396 ergo
1788 2345 1846 2386 de

390 2417 585 2458 dominio
613 2417 703 2458 eius
724 2422 882 2458 exacta
912 2415 1193 2462 soluerentur,
1217 2418 1396 2465 questus
1427 2425 1522 2452 sum
1550 2411 1593 2451 in
1621 2412 1845 2464 publicum

391 2484 583 2538 allegans
605 2485 670 2526 ius
690 2483 984 2525 absolutionis.
1047 2482 1118 2522 De
1145 2479 1364 2522 communi
1389 2492 1492 2532 ergo
1522 2480 1717 2520 omnium
1739 2494 1843 2522 con—

391 2553 488 2594 silio
510 2560 554 2594 et
582 2553 936 2606 consideratione,
957 2565 1043 2606 que
1069 2550 1156 2591 iam
1181 2547 1324 2590 soluta
1351 2547 1493 2590 fuerat
1515 2548 1618 2589 mihi
1645 2548 1846 2592 restituta

442 2693 458 2718 1
486 2683 598 2718 etiam
615 2695 684 2719 om.
702 2685 738 2719 R
810 2695 832 2728 4
856 2683 963 2719 terris
984 2682 1015 2718 C
1076 2690 1094 2727 5
1121 2679 1203 2727 pro]
1220 2691 1285 2725 per
1300 2679 1337 2713 R
1407 2686 1427 2721 7
1454 2689 1584 2713 omnes
1602 2679 1798 2725 stupebant
1817 2680 1851 2716 C

393 2740 415 2775 9
434 2730 624 2765 Nichellus
646 2732 675 2765 C
738 2741 781 2765 10
796 2738 884 2766 tunc
901 2742 969 2765 om.
986 2731 1023 2764 R
1105 2738 1148 2771 14
1165 2727 1300 2763 amodo
1317 2737 1386 2760 om.
1403 2726 1439 2759 R
1515 2734 1554 2768 17
1574 2725 1844 2762 absolitationis

392 2778 440 2812 N
520 2786 560 2820 19
585 2777 729 2812 validus
746 2779 794 2811 N
866 2776 1025 2813 validius
1043 2802 1052 2811 .
1069 2801 1077 2810 .
1095 2801 1104 2810 .
1122 2774 1217 2819 regis
1236 2785 1305 2809 om.
1321 2773 1358 2808 R
1429 2781 1469 2807 21
1497 2780 1533 2807 et
1551 2777 1637 2807 ante
1655 2773 1844 2810 inuentum

393 2835 462 2859 om.
480 2824 514 2858 R
601 2833 644 2858 22
671 2825 768 2869 quod
785 2835 854 2860 om.
870 2825 906 2859 R
1002 2833 1048 2868 24
1064 2834 1123 2859 me
1140 2833 1208 2857 om.
1225 2821 1261 2856 R
1356 2829 1399 2865 30
1426 2819 1526 2855 vices
1544 2831 1612 2855 om.
1629 2821 1666 2857 R
