2912 4368
389 1049 426 1082 11
448 1040 475 1081 ii
499 1037 550 1097 G]
879 1037 967 1079 DE
1002 1036 1120 1079 ΒΕΑ

389 1157 465 1198 vix
488 1154 741 1209 extorqueri
763 1168 852 1196 non
879 1167 1021 1207 posse.
1088 1164 1108 1193 k

388 1234 480 1269 tam
505 1226 695 1267 enormis
722 1224 896 1267 sceleris
925 1225 1113 1265 incento³

390 1297 551 1347 cordia,
588 1303 635 1337 vt
669 1309 821 1337 eorum
865 1294 992 1349 pauci
1023 1307 1114 1334 rest

390 1365 457 1407 sui
474 1365 543 1407 vel
561 1378 797 1418 corporum
816 1364 1047 1418 dispendia
1066 1378 1109 1403 sc

389 1450 524 1491 quam
562 1436 761 1478 exercuit
800 1435 950 1476 Dauid
988 1435 1030 1475 in
1069 1448 1104 1474 st

392 1507 558 1548 diceres
587 1506 703 1546 hunc
737 1505 812 1546 illo
844 1505 977 1558 longe
1011 1505 1122 1545 miti-c

391 1577 603 1630 scriptum
616 1575 851 1617 sit‘inueni
867 1576 1008 1615 virum
1028 1588 1125 1615 sect.

392 1660 472 1687 rex
495 1646 676 1700 insignis
704 1645 904 1699 pluribus
931 1644 1123 1685 habundo

393 1716 678 1757 iustissimam
711 1729 915 1757 exercere
947 1715 1127 1755 vindict

393 1799 583 1841 parcere,
597 1799 730 1839 quam
746 1799 821 1827 605
836 1785 1002 1839 punire,
1019 1792 1065 1825 vt
1081 1798 1101 1824 6

398 1856 541 1898 inuiti.
603 1856 741 1897 Viuat
764 1855 898 1909 igitur
920 1855 963 1895 in
988 1854 1116 1907 longa

394 1926 500 1968 felix
515 1932 558 1967 et
576 1928 674 1979 ‘pro
687 1926 885 1979 impensa
900 1924 1053 1978 gratia,
1066 1938 1113 1976 gx*

396 2002 442 2037 et
465 1996 610 2049 proles
638 1995 730 2037 eius
753 1995 956 2050 ingenua,
979 1994 1093 2047 patri

397 2073 441 2108 et
464 2067 566 2120 quia
589 2065 680 2107 nati
703 2073 805 2106 sunt
829 2064 1004 2118 populis
1032 2063 1113 2115 im}

397 2136 567 2177 discant
585 2134 792 2189 exemplo
808 2148 941 2188 quam
958 2133 1119 2188 glorios

398 2206 562 2248 bellare
580 2204 790 2247 rebelles’
842 2205 935 2246 Nos
953 2211 1101 2246 autem

399 2275 533 2330 Quod
566 2276 600 2317 si
633 2277 688 2317 de
719 2275 802 2316 hiis
832 2281 875 2316 et
907 2274 1004 2315 aliis
1034 2274 1115 2315 eiu-

397 2346 550 2388 instrui
574 2345 770 2387 libellum
793 2345 914 2386 cuius
937 2358 1069 2397 supra
1094 2358 1131 2383 n

459 2416 618 2469 Igiturs
653 2422 753 2469 post
795 2416 1055 2468 naufragum
1109 2430 1124 2453 ι·

398 2485 569 2527 studuit
604 2486 762 2526 iterum
791 2499 869 2525 rex
896 2486 1017 2526 auita
1047 2492 1119 2525 ten

399 2562 542 2597 cretos
565 2555 695 2606 viros,
710 2555 847 2596 secuit
871 2568 1052 2608 regnum
1074 2554 1115 2593 in

400 2638 512 2679 quos
535 2632 725 2666 errantes
747 2637 971 2674 vocamus,
995 2623 1141 2678 perlus

401 2701 589 2736 tuerent.
641 2694 875 2735 Facientes
899 2706 1004 2746 ergo
1027 2694 1091 2733 sui
1117 2707 1135 2732 c

404 2770 449 2805 et
492 2764 575 2804 hiis
607 2763 683 2817 qui
716 2777 762 2803 se
794 2762 909 2804 lesos
942 2763 1137 2816 putabam

403 2835 573 2883 benteS‚
617 2846 862 2887 pauperum
914 2832 1139 2873 laboribusr

407 2903 606 2956 Contigit
642 2909 791 2943 autem
830 2902 873 2942 in
913 2901 997 2942 hiis
1034 2901 1151 2954 plere,

408 2973 549 3014 modis
585 2985 665 3025 pro
698 2972 977 3024 negotiorum
1015 2972 1153 3023 qualit

408 3042 556 3091 talem,
578 3041 759 3094 quidam
784 3040 1082 3094 pecuniariam
1103 3055 1144 3092 μ

409 3111 763 3164 delinquentium
796 3123 908 3163 pene
941 3110 983 3150 in
1016 3110 1144 3150 rotul1

408 3187 560 3224 tantur
581 3186 637 3232 et,
660 3180 930 3221 consedente
953 3181 1139 3220 scaccari

409 3251 656 3293 traduntur.
723 3249 923 3292 caueant
967 3256 1116 3290 autem

410 3321 609 3362 ordinem
631 3320 870 3374 dispositos
894 3318 1063 3360 rotulos
1087 3319 1143 3358 th

462 3439 482 3464 2
509 3428 674 3474 sceleris]
694 3428 828 3464 seculis
842 3428 888 3462 N
980 3426 1016 3461 in
1036 3438 1137 3462 scen?

413 3477 534 3512 exisse
551 3477 628 3510 NR
723 3484 741 3519 7
769 3473 910 3521 autem]
936 3475 1036 3510 enim
1055 3475 1102 3509 Ν

414 3523 615 3568 tissimam]
641 3522 860 3558 vilissimam
894 3523 942 3557 N
1058 3532 1100 3556 10

416 3571 566 3605 vicl'ant
583 3571 629 3605 N
734 3580 775 3606 12
801 3571 848 3605 ab
867 3571 1026 3605 iterauit
1042 3571 1077 3604 R

418 3628 463 3662 19
489 3618 647 3652 formata
667 3617 698 3653 C
846 3628 893 3652 20
913 3617 1080 3652 discretis
1099 3618 1132 3651 l?

416 3667 464 3701 26
498 3676 672 3700 excessus
713 3664 835 3700 varios
878 3666 1093 3711 plerumque
1136 3693 1143 3698 .

417 3714 461 3748 28
488 3713 608 3747 luatur
625 3712 672 3746 N
781 3722 826 3756 30
850 3713 1023 3747 thesauro
1042 3713 1118 3747 NR

418 3772 490 3796 om.
508 3761 543 3795 R
637 3769 682 3805 32
708 3759 900 3805 depositos
916 3760 962 3794 N

1247 1034 1335 1077 QIO
1752 1046 1830 1086 119

1252 1151 1395 1192 licnsis
1425 1150 1601 1205 insuper
1623 1149 1834 1191 hostibus.

1251 1222 1415 1263 1audita
1445 1222 1641 1275 pepercit
1670 1221 1836 1261 miseri·

1257 1306 1366 1343 rum,
1404 1291 1509 1332 nulli
1548 1305 1651 1332 vero
1694 1297 1836 1332 status

1253 1370 1309 1403 nt.
1376 1360 1421 1403 Si
1441 1361 1605 1415 legeres
1623 1360 1837 1401 vltionem

1254 1447 1318 1474 res
1360 1432 1615 1480 Absalonis,
1648 1431 1723 1471 filii
1761 1431 1837 1470 sui.
1861 1451 1876 1481 5

1259 1518 1326 1544 se:
1374 1516 1472 1543 cum
1500 1509 1647 1542 tamen
1679 1502 1735 1542 de
1763 1501 1837 1541 illo

1256 1587 1327 1615 cor
1346 1570 1516 1613 meumst
1549 1571 1676 1612 Licet
1691 1578 1839 1612 autem

1266 1643 1422 1696 emplis
1446 1648 1488 1683 et
1514 1648 1664 1695 posset
1698 1641 1740 1681 in
1766 1654 1841 1681 eos

1259 1712 1357 1753 fluit
1392 1720 1541 1754 tamen
1576 1711 1841 1765 expugnatis

1266 1798 1338 1823 um
1355 1796 1545 1823 crescere
1559 1782 1756 1823 viderent
1774 1780 1840 1821 vel

1264 1868 1318 1894 ›ra
1343 1866 1421 1893 rex
1446 1852 1516 1892 ille
1546 1851 1763 1905 gloriosus
1797 1858 1840 1891 et

1266 1930 1458 1963 iereatur
1475 1921 1531 1962 ab
1544 1918 1661 1961 alto.'
1706 1920 1845 1960 Viuat

1263 1993 1405 2032 biecta
1437 2006 1515 2032 nec
1549 1992 1586 2031 ei
1610 1990 1845 2034 dissimilis,

1264 2070 1425 2102 aterno
1449 2061 1579 2101 simul
1603 2068 1645 2101 et
1664 2060 1845 2114 proprio

1870 1796 1905 1816 10

1286 2145 1463 2186 parcere
1481 2131 1688 2172 subiectis
1707 2138 1749 2171 et
1769 2130 1844 2171 de·
1872 2145 1909 2174 15

1271 2217 1294 2243 a
1312 2202 1489 2254 negotia
1510 2214 1844 2255 prosequamur.

1273 2273 1305 2313 is
1334 2272 1506 2313 actibus
1537 2270 1644 2311 libet
1678 2269 1847 2323 plenius

1271 2356 1353 2389 ius,
1377 2342 1410 2381 si
1436 2342 1592 2395 placet,
1617 2341 1833 2394 inspicito.

1269 2420 1407 2453 tatum
1451 2425 1559 2465 pace
1603 2412 1847 2455 reformata,

1273 2496 1461 2523 enouare
1492 2491 1547 2523 et.
1570 2482 1734 2535 eligens
1761 2482 1847 2522 dis·
1872 2495 1885 2514 ι

1268 2562 1350 2594 stes
1368 2561 1413 2593 vt
1437 2566 1508 2593 eas
1529 2551 1652 2593 electi
1672 2552 1848 2592 iudices.

1274 2638 1281 2662 3
1306 2630 1348 2662 et
1374 2623 1463 2663 iura
1491 2623 1703 2663 destituta
1728 2622 1850 2662 resti-

1283 2693 1324 2731 in
1348 2692 1530 2745 singulis
1553 2692 1848 2733 comitatibus*

1278 2763 1333 2803 tie
1368 2762 1690 2816 plenitudinem
1724 2762 1849 2803 exhi-

1275 2832 1499 2885 umptibus
1546 2838 1849 2885 pepercerunt.
1895 2853 1911 2882 5

1294 2902 1437 2941 varios
1474 2914 1681 2941 excessus
1722 2902 1851 2941 variis

1279 2971 1371 3010 iniri
1404 2978 1450 3011 vt
1485 2971 1664 3024 quidam
1701 2984 1853 3024 corpo-

1280 3047 1381 3080 lant.
1446 3039 1580 3080 Porro
1604 3040 1853 3093 pecuniarie

1281 3109 1420 3149 ntium
1455 3109 1686 3163 diligenter
1717 3123 1853 3151 anno-

1284 3264 1293 3285 ς
1340 3256 1386 3289 vt
1433 3256 1651 3289 correctos
1694 3256 1737 3290 et
1779 3262 1855 3302 per

1288 3318 1328 3359 io
1352 3318 1549 3359 liberent
1613 3318 1715 3359 Non
1740 3319 1856 3359 enim

1386 3425 1540 3471 percipit
1558 3427 1588 3461 C
1680 3427 1702 3462 6
1720 3426 1856 3472 egisse]

1304 3485 1361 3508 res
1384 3474 1458 3508 CN
1550 3473 1601 3509 eis
1622 3475 1655 3509 R
1745 3485 1766 3519 9
1785 3475 1858 3509 ius-

1298 3522 1539 3565 scm'psz‘mus:
1567 3522 1735 3557 viderant
1773 3524 1856 3557 CR:

1306 3580 1374 3603 om.
1395 3570 1428 3603 R
1566 3579 1608 3612 14
1628 3570 1800 3615 impirare
1819 3572 1865 3605 As

1294 3615 1512 3661 pauperum]
1533 3618 1758 3662 pauperibus
1778 3618 1815 3653 in
1832 3619 1862 3653 C

1295 3675 1335 3698 os
1376 3675 1549 3698 excessus
1592 3665 1808 3711 plerumque
1826 3667 1861 3700 R

1296 3721 1314 3745 2
1334 3718 1369 3747 et
1388 3723 1452 3757 per
1471 3712 1639 3748 ordinem
1658 3713 1862 3759 dispositos

1283 3193 1321 3219 m
1354 3179 1559 3219 omnibus
1582 3178 1853 3221 thesaurario
1875 3184 1916 3213 30

1875 3220 1904 3247 (l
