2022 3281
105 188 140 220 11
163 180 176 220 i
196 177 247 236 c]
593 180 680 222 DE
714 179 1074 223 SCACCARIO
1478 194 1558 236 113

104 293 179 346 qui
212 293 267 334 sit
306 292 350 334 in
387 293 600 336 comitatu
640 308 720 335 suo
752 295 806 336 de
839 307 927 347 quo
960 299 1108 335 tamen
1138 292 1182 334 in
1217 293 1558 335 summonitione

104 361 223 402 nulla
251 361 328 403 fiat
357 362 533 414 mentio,
554 376 640 405 non
671 363 890 405 tenebitur
921 362 1194 416 respondere,
1215 368 1282 404 set
1313 363 1451 416 magis
1478 377 1558 404 ex-

105 430 325 472 cusabitur
345 430 446 484 quia
466 444 553 472 non
574 432 780 486 precessit
801 431 927 473 huius
949 433 1010 473 rei
1027 431 1321 473 summonitio.
1381 431 1458 473 Ad
1476 431 1559 473 hoc

105 513 210 553 ergo
232 500 594 541 summonitiones
616 500 724 542 fiunt
745 506 792 541 vt
814 500 935 542 firme
956 500 1070 554 regis
1091 506 1135 541 et
1155 500 1305 541 debita
1328 499 1558 554 multiplici

105 569 273 610 ratione
306 568 562 621 requirenda
596 568 701 611 fisco
738 570 1012 623 proueniant.
1071 569 1236 611 Verum
1277 575 1376 610 sunt
1412 569 1558 624 aliqua
1581 587 1600 620 5

105 650 191 690 que
212 651 289 690 per
314 650 490 678 manum
518 638 788 680 vicecomitis
816 639 1043 692 prouenire
1072 652 1245 680 necesse
1269 645 1335 680 est
1360 638 1492 680 etiam
1524 639 1560 679 si
1579 646 1606 677 B

105 705 225 747 nulla
256 706 311 747 de
334 705 417 747 hiis
445 707 728 747 summonitio
759 707 848 758 fiat,
870 714 936 749 set
964 708 1044 749 hec
1075 708 1213 761 magis
1243 708 1431 749 casualia
1458 714 1561 749 sunt

106 788 239 828 quam
262 775 501 817 constituta
521 774 589 816 vel
611 781 730 817 certa
752 775 861 817 sicut
884 790 941 817 ex
963 777 1326 830 consequentibus
1348 776 1545 830 liquebit.

166 843 368 898 Qualiter
394 851 539 885 autem
561 844 630 885 vel
659 859 745 898 quo
769 844 921 886 ordine
946 845 1052 886 fiant
1073 846 1216 898 primo
1241 846 1472 887 dicendum
1496 851 1562 887 est

107 926 158 954 ac
183 914 360 954 demum
392 927 448 954 ex
479 914 651 967 quibus.
712 913 901 954 Noueris
938 921 1084 955 autem
1116 915 1233 968 quod
1266 914 1411 957 soluto
1442 929 1560 957 scac-
1583 930 1623 960 ιο,

108 982 223 1023 cario
257 982 430 1023 termini
466 982 580 1023 illius
611 995 699 1035 quo
732 981 842 1023 fiunt
881 983 1253 1034 summonitiones,
1285 983 1563 1037 excipiuntur

109 1065 134 1091 a
170 1050 334 1091 clericis
370 1050 624 1092 thesaurarii
660 1050 811 1091 debita
851 1051 963 1104 regis
995 1065 1072 1104 per
1104 1052 1298 1105 singulos
1329 1054 1564 1094 comitatus

110 1133 135 1159 a
169 1132 330 1172 magno
362 1119 506 1160 rotulo
546 1118 659 1159 illius
691 1119 793 1159 anni
829 1126 873 1160 et
910 1120 953 1159 in
990 1121 1261 1162 breuioribus
1296 1129 1564 1164 annotantur

110 1187 240 1228 simul
271 1201 368 1228 cum
399 1188 551 1229 causis.
626 1186 728 1240 Quo
750 1187 863 1229 facto
884 1189 1093 1229 secedunt
1114 1189 1172 1228 hii
1195 1190 1237 1230 in
1259 1196 1428 1242 partem
1451 1204 1564 1244 quos

111 1257 295 1298 maiores
317 1256 520 1304 diximus,
540 1256 768 1310 proposito
791 1256 1001 1297 comitatu
1020 1257 1232 1310 quolibet,
1248 1265 1292 1299 et
1313 1259 1368 1300 de
1385 1259 1564 1312 singulis
1586 1273 1624 1306 ¹5

111 1325 380 1367 debitoribus
420 1325 532 1366 illius
563 1325 804 1367 decernunt
843 1331 1057 1378 quantum
1089 1328 1355 1368 summoneri
1391 1329 1563 1377 debeat,

112 1394 263 1436 habita
303 1393 652 1435 consideratione
702 1394 940 1435 secundum
986 1394 1246 1447 qualitatem
1287 1409 1473 1449 persone
1522 1402 1567 1438 et

111 1463 350 1504 secundum
371 1462 629 1516 qualitatem
653 1462 817 1516 negotii
841 1469 884 1504 et
905 1476 1034 1505 cause
1056 1477 1135 1517 pro
1157 1477 1244 1518 qua
1264 1466 1355 1519 regi
1377 1471 1565 1507 tenetur.

110 1532 374 1573 Autenticus
395 1531 528 1572 etiam
544 1531 711 1572 annalis
729 1531 913 1582 rotulus‚'
926 1545 952 1573 a
973 1546 1062 1585 quo
1079 1533 1229 1574 debita
1246 1540 1434 1587 excepta
1450 1540 1566 1583 sunt,

111 1606 285 1642 tenetur
324 1614 350 1641 a
382 1600 650 1641 thesaurario
686 1599 754 1642 vel
792 1601 885 1642 eius
926 1601 1081 1643 clerico
1118 1616 1172 1644 ne
1209 1602 1320 1644 forte
1361 1602 1489 1644 fuerit
1525 1604 1567 1644 in
1588 1618 1628 1645 πο

113 1670 374 1723 excipiendo
391 1669 723 1723 quomodolibet
741 1677 946 1712 erratum.
998 1671 1081 1712 Est
1095 1671 1228 1712 etiam
1246 1672 1355 1713 alius
1373 1672 1570 1722 clericus,

111 1740 200 1793 qui,
230 1739 350 1792 quod
382 1738 442 1779 illi
473 1739 734 1789 taxauerint,
765 1739 809 1779 in
837 1739 1035 1793 exceptis
1065 1746 1247 1782 annotat
1278 1741 1483 1791 studiose,
1513 1742 1570 1783 de

113 1808 270 1861 quibus
301 1806 585 1848 summonitio
615 1807 664 1848 fit
696 1820 773 1860 per
804 1807 885 1849 hec
923 1808 1058 1849 verba
1088 1809 1171 1849 ‘H.
1208 1823 1286 1850 rex
1316 1809 1570 1862 Anglorum

112 1877 173 1918 illi
209 1875 279 1916 vel
314 1875 374 1915 illi
410 1876 654 1916 vicecomiti
691 1875 892 1917 salutem.
952 1876 1067 1917 Vide
1107 1877 1219 1918 sicut
1259 1884 1304 1919 te
1340 1879 1484 1931 ipsum
1525 1886 1569 1921 et

116 1945 263 1986 omnia
298 1950 376 1985 tua
411 1943 556 1996 diligis
590 1944 708 1996 quod
745 1944 801 1985 sis
836 1945 893 1985 ad
926 1945 1190 1986 scaccarium
1231 1946 1289 1987 ibi
1324 1946 1392 1988 vel
1430 1947 1489 1988 ibi
1525 1947 1568 1989 in
1588 1959 1626 1993 ²5

114 2013 302 2055 crastino
334 2011 474 2053 sancti
507 2012 735 2053 Michaelis
765 2012 833 2053 vel
866 2013 908 2053 in
940 2013 1129 2054 crastino
1159 2014 1293 2055 clausi
1326 2015 1502 2067 Pasche,
1525 2023 1571 2059 et

115 2081 278 2122 habeas
311 2080 370 2120 ibi
401 2087 547 2121 tecum
578 2081 785 2134 quicquid
820 2081 955 2122 debes
988 2082 1044 2122 de
1082 2083 1217 2123 veteri
1249 2082 1374 2125 firma
1413 2085 1482 2126 vel
1514 2085 1570 2127 de

116 2164 231 2191 noua
252 2156 295 2190 et
313 2149 570 2189 nominatim
592 2148 672 2189 hec
695 2149 845 2190 debita
862 2149 1132 2202 subscripta3
1164 2152 1219 2192 de
1241 2152 1314 2193 illo
1331 2167 1376 2193 x.
1400 2167 1568 2195 marcas

116 2232 197 2272 pro
218 2218 298 2258 hac
320 2216 473 2258 causa’
496 2224 539 2259 et
568 2219 627 2259 sic
649 2218 870 2271 deinceps.
939 2218 1177 2260 Annotatis
1199 2227 1344 2262 autem
1368 2222 1570 2264 omnibus

118 2287 275 2329 debitis
296 2286 381 2328 illic
401 2287 593 2328 seriatim
616 2300 714 2327 cum
741 2286 882 2328 causis
902 2301 987 2340 que
1008 2287 1051 2327 in
1076 2289 1238 2330 maiore
1260 2291 1405 2331 annali
1427 2291 1568 2333 rotulo
1587 2303 1630 2336 30

117 2356 404 2403 continentur,
441 2355 716 2409 proferuntur
749 2356 936 2396 minores
969 2357 1131 2410 quique
1170 2358 1567 2412 perambulantium
1589 2360 1615 2392 C

117 2424 310 2465 iudicum
334 2423 475 2473 rotuli,
496 2437 553 2464 ex
575 2424 731 2477 quibus
762 2424 1038 2477 excipiuntur
1058 2438 1144 2478 que
1166 2427 1207 2467 in
1235 2427 1415 2481 singulis
1437 2429 1570 2470 comi-

118 2493 284 2535 tatibus
304 2492 484 2534 domino
516 2493 604 2547 regi
635 2493 850 2534 debentur
880 2493 1029 2534 labore
1057 2501 1100 2535 et
1126 2494 1337 2537 industria
1363 2497 1569 2550 ipsorum,

168 2592 184 2617 1
205 2588 346 2617 tantum
367 2582 399 2617 C
512 2592 532 2617 2
550 2583 687 2618 nullam
704 2584 751 2618 N
853 2593 876 2626 4
903 2582 1008 2628 fiunt]
1027 2583 1132 2620 fuerit
1149 2585 1197 2619 N
1296 2587 1318 2621 6
1342 2587 1470 2633 etiam]
1489 2595 1524 2624 et
1544 2589 1578 2624 C

120 2639 143 2672 9
166 2629 256 2664 fiant
273 2640 343 2664 om.
364 2630 395 2664 C
553 2640 595 2664 10
619 2630 756 2665 deinde
777 2630 824 2665 C:
853 2631 1004 2664 domum
1021 2632 1057 2666 R
1190 2635 1262 2677 pro
1278 2641 1403 2669 autem
1420 2636 1574 2671 habetR

120 2687 296 2728 ''asuram
392 2677 565 2730 scaccarii
582 2678 618 2711 R
715 2687 753 2713 11
782 2677 939 2729 termino
959 2678 1006 2711 N
1097 2688 1136 2713 12
1163 2679 1200 2724 a]
1221 2679 1258 2714 in
1274 2681 1310 2715 R
1407 2692 1448 2725 14
1474 2683 1572 2718 simi-

121 2723 680 2821 ξιξεὲξὲἰῐᾶῖεέῧςᾳεὲἓὲῑῖἰᾷεω
697 2771 728 2806 C
737 2732 776 2769 15
803 2723 1097 2815 mazlgrgssatiem
1108 2727 1189 2806 lv16
1214 2732 1574 2821 sumtilnoelsstclgienCdlg

120 2816 269 2851 fueritC
352 2825 392 2850 21
422 2823 579 2852 erratam
593 2819 640 2852 N
716 2826 760 2860 27
786 2818 899 2853 debes
918 2816 978 2862 de]
991 2818 1038 2853 de
1055 2830 1123 2854 om.
1135 2820 1182 2854 N
1260 2830 1304 2864 27
1330 2822 1376 2857 de
1390 2823 1503 2868 noua]
1526 2825 1573 2860 de

123 2874 192 2898 om.
204 2863 281 2897 NR
364 2872 408 2907 29
433 2863 486 2899 sic
504 2875 573 2899 om.
593 2865 625 2901 C
717 2874 760 2909 32
780 2864 901 2900 iudicii
920 2865 967 2899 N
1048 2875 1090 2911 33
1117 2866 1167 2913 et]
1187 2867 1246 2903 vel
1266 2869 1298 2904 C
1357 2869 1521 2916 ipsarum
1538 2873 1575 2907 R

180 2932 219 2951 m:
231 2933 326 2954 SCACC.
828 2922 860 2962 Q
