2022 3281
453 175 539 210 100
941 165 1029 208 DE
1063 163 1423 208 SCACCARIO
1767 162 1805 222 [1
1827 181 1858 207 x
1880 176 1907 207 B

454 281 641 323 dominis
666 279 764 330 suis,
785 294 812 322 a
833 279 898 321 sui
925 284 1065 320 status
1087 277 1337 319 conditione
1353 278 1586 321 discedere.
1641 278 1707 320 Ea
1729 285 1908 332 propter

455 364 567 404 pene
603 349 849 403 quicunque
886 347 947 389 sic
986 346 1118 388 hodie
1145 346 1310 387 occisus
1344 347 1561 399 reperitur,
1590 354 1638 390 vt
1680 349 1904 389 murdrum

454 419 642 472 punitur,
680 416 875 469 exceptis
915 415 998 456 hiis
1039 415 1094 456 de
1132 414 1292 468 quibus
1331 421 1449 456 certa
1488 422 1588 458 sunt
1630 423 1678 458 vt
1714 416 1907 458 diximus

455 486 622 528 seruilis
643 484 902 526 conditionis
925 482 1096 523 indicia.

415 571 434 604 5
510 553 770 606 Disczpulus.
831 551 968 592 Miror
1008 549 1237 604 singularis
1278 549 1538 593 excellentie
1577 552 1820 607 principem
1863 558 1906 594 et

453 623 662 665 acerrime
688 619 861 661 virtutis
891 618 1117 660 hominem
1149 619 1193 660 in
1221 619 1449 660 subactam
1477 626 1521 661 et
1546 621 1627 661 sibi
1657 629 1907 676 suspectam

454 691 706 744 Anglorum
743 694 920 742 gentem
951 687 1033 728 hac
1064 701 1190 728 Vsum
1224 687 1528 737 misericordia,
1558 695 1605 730 vt
1638 703 1724 730 non
1764 690 1906 731 solum

454 759 632 801 colonos
663 770 740 812 per
781 770 892 810 quos
931 755 1196 810 agricultura
1236 762 1387 810 posset
1418 757 1608 798 exerceri
1651 758 1906 811 indempnes

453 833 656 875 seruaret,
677 839 828 867 verum
850 824 952 879 ipsis
974 824 1093 879 regni
1111 824 1350 867 maioribus
1368 824 1528 867 fundos
1549 839 1651 867 suos
1669 833 1713 868 et
1734 826 1903 881 amplas

396 912 435 935 10
454 895 748 950 possessiones
769 893 1046 947 relinqueret.

507 964 738 1016 splagz'ster.
791 962 917 1004 Licet
937 962 1017 1004 hec
1039 961 1095 1004 ad
1117 967 1322 1016 suscepta
1347 962 1534 1016 negotia,
1555 962 1713 1016 quibus
1736 963 1909 1006 debitor

450 1033 588 1074 factus
619 1045 728 1081 sum,
759 1045 847 1072 non
877 1031 1105 1080 attineant,
1136 1037 1285 1072 tamen
1316 1044 1401 1085 que
1433 1044 1562 1084 super
1593 1031 1676 1072 hiis
1713 1033 1769 1073 ab
1801 1032 1906 1086 ipsis

453 1102 668 1156 indigenis
707 1100 857 1154 accepi
896 1101 1030 1153 gratis
1072 1113 1308 1154 exponam.
1390 1100 1495 1142 Post
1530 1101 1650 1153 regni
1690 1102 1906 1154 conquisi-

450 1172 631 1222 tionem,
652 1176 753 1224 post
778 1170 937 1211 iustam
960 1169 1186 1211 rebellium
1215 1169 1561 1218 subuersionem‚
1583 1183 1681 1211 cum
1708 1183 1787 1210 rex
1815 1171 1908 1224 ipse

394 1254 432 1288 15
454 1240 652 1294 regisque
672 1252 869 1293 proceres
887 1239 982 1280 loca
999 1252 1115 1280 noua
1131 1237 1455 1292 perlustrarent,
1470 1238 1583 1280 facta
1600 1245 1667 1281 est
1685 1239 1907 1292 inquisitio

453 1309 637 1363 diligens
667 1307 742 1361 qui
773 1306 932 1349 fuerint
963 1307 1038 1360 qui
1069 1313 1222 1349 contra
1254 1320 1399 1361 regem
1432 1307 1476 1348 in
1500 1307 1617 1349 bello
1647 1308 1907 1350 dimicantes

452 1390 531 1432 per
551 1377 699 1431 fugam
721 1389 767 1418 se
789 1375 1063 1417 saluauerint.
1119 1373 1219 1416 Hiis
1240 1376 1454 1426 omnibus,
1476 1381 1520 1416 et
1547 1376 1651 1417 item
1674 1376 1907 1419 heredibus

453 1460 602 1487 eorum
636 1445 710 1499 qui
745 1445 789 1485 in
821 1444 937 1486 bello
973 1445 1283 1495 occubuerunt,
1304 1457 1403 1498 spes
1439 1444 1580 1485 omnis
1615 1451 1827 1486 terrarum
1863 1453 1907 1487 et

453 1514 684 1556 fundorum
706 1519 839 1567 atque
859 1513 1109 1554 reddituum
1136 1527 1249 1567 quos
1274 1519 1377 1554 ante
1403 1514 1689 1566 possederant
1710 1514 1907 1567 preclusa

393 1604 435 1628 20
454 1589 520 1624 est
538 1597 547 1633 ;
579 1595 787 1637 magnum
820 1594 1010 1635 namque
1041 1581 1303 1635 reputabant
1333 1581 1415 1622 frui
1446 1582 1536 1623 vite
1576 1582 1786 1624 beneficio
1825 1585 1906 1626 sub

452 1650 650 1692 inimicis.
691 1650 858 1692 Verum
880 1651 954 1704 qui
975 1650 1119 1692 vocati
1141 1651 1197 1691 ad
1219 1649 1381 1691 bellum
1398 1650 1583 1691 necdum
1602 1660 1908 1703 conuenerant,

404 1731 433 1764 C
452 1719 519 1761 vel
542 1719 828 1761 familiaribus
848 1732 923 1760 seu
944 1719 1214 1772 quibuslibet
1235 1719 1485 1760 necessariis
1500 1719 1699 1773 occupati
1720 1721 1906 1774 negotiis

451 1802 539 1830 non
575 1787 872 1841 interfuerant,
912 1801 1011 1829 cum
1053 1794 1195 1830 tractu
1237 1788 1446 1841 temporis
1481 1788 1651 1829 deuotis
1688 1789 1907 1843 obsequiis

450 1858 638 1912 gratiam
665 1856 941 1898 dominorum
964 1856 1272 1910 possedissent,
1294 1856 1386 1897 sine
1410 1869 1489 1909 spe
1511 1856 1803 1909 successionis,
1824 1857 1906 1899 sibi

393 1939 431 1972 25
452 1931 637 1976 tantum,
651 1938 731 1979 pro
744 1924 971 1966 voluntate
988 1931 1136 1966 tamen
1151 1925 1428 1967 dominorum
1444 1925 1668 1979 possidere
1683 1933 1904 1979 ceperunt.

451 1995 726 2037 Succedente
745 2008 847 2035 vero
868 2001 1196 2047 tempore,cum
1217 1993 1407 2036 dominis
1423 1993 1511 2036 suis
1532 1994 1672 2035 odiosi
1694 1995 1858 2048 passim
1880 2008 1906 2037 a

451 2063 796 2118 possessionibus
821 2062 1101 2117 pellerentur,
1122 2076 1201 2104 nec
1224 2069 1338 2105 esset
1366 2062 1441 2116 qui
1467 2062 1614 2104 ablata
1645 2063 1906 2114 restitueret,

453 2132 696 2174 communis
714 2132 1013 2186 indigenarum
1029 2132 1085 2173 ad
1101 2145 1247 2185 regem
1265 2132 1465 2185 peruenit
1483 2132 1768 2184 querimonia,
1785 2132 1908 2185 quasi

450 2201 511 2243 sic
540 2201 743 2243 omnibus
769 2201 894 2242 exosi
924 2206 968 2242 et
992 2201 1123 2242 rebus
1150 2200 1328 2254 spoliati
1356 2201 1412 2242 ad
1440 2200 1707 2253 alienigenas
1728 2201 1908 2243 transire

393 2284 434 2315 30
452 2276 720 2324 cogerentur.
781 2269 1117 2311 communicato
1139 2270 1320 2311 tandem
1342 2282 1473 2323 super
1499 2268 1582 2309 hiis
1608 2269 1802 2320 consilio,
1830 2271 1906 2311 de-

452 2345 618 2380 cretum
656 2346 722 2381 est
756 2345 803 2379 vt
838 2338 955 2392 quod
990 2351 1016 2380 a
1053 2337 1243 2379 dominis
1278 2337 1379 2388 suis,
1415 2337 1694 2391 exigentibus
1731 2338 1908 2390 meritis,

452 2408 768 2450 interueniente
809 2407 1012 2460 pactione
1056 2406 1288 2461 legittima,
1326 2411 1529 2460 poterant
1568 2405 1776 2458 optinere,
1823 2406 1907 2449 illis

451 2476 691 2518 inuiolabili
713 2476 804 2517 iure
825 2476 1149 2517 concederetur.
1210 2473 1414 2516 Ceterum
1435 2479 1586 2515 autem
1612 2473 1788 2515 nomine
1808 2489 1905 2516 suc-

453 2545 655 2587 cessionis
671 2559 696 2586 a
716 2544 989 2598 temporibus
1011 2543 1191 2584 subacte
1208 2543 1351 2598 gentis
1373 2542 1480 2583 nihil
1506 2542 1588 2583 sibi
1605 2543 1904 2587 vendicarant.

394 2624 434 2658 35
455 2613 586 2667 Quod
623 2614 799 2667 quidem
841 2626 974 2666 quam
1009 2613 1197 2655 discreta
1238 2610 1588 2654 consideratione
1624 2617 1800 2653 cautum
1836 2612 1905 2666 sit,

501 2731 522 2765 8
548 2730 687 2766 colonis
703 2732 739 2766 R
805 2740 844 2766 11
866 2730 1015 2776 negotia
1031 2741 1100 2766 om.
1117 2730 1154 2765 R
1219 2738 1260 2773 17
1280 2729 1369 2765 item
1386 2729 1611 2765 cancellauit
1626 2730 1673 2765 N
1732 2732 1775 2767 18
1795 2742 1904 2767 occu-

452 2776 597 2860 igyuzerliYnt
618 2778 650 2813 C
740 2787 785 2821 24
802 2777 887 2824 sibi]
908 2778 971 2813 filii
990 2778 1038 2813 N
1126 2785 1170 2822 27
1196 2783 1320 2813 essent
1338 2775 1377 2813 R
1479 2786 1520 2822 31
1542 2783 1579 2813 vt
1597 2788 1666 2812 om.
1683 2778 1719 2813 R
1814 2788 1858 2824 34
1883 2790 1906 2814 a
