<?xml version="1.0" encoding="UTF-8"?>
<!DOCTYPE html PUBLIC "-//W3C//DTD XHTML 1.0 Transitional//EN"
    "http://www.w3.org/TR/xhtml1/DTD/xhtml1-transitional.dtd">
<html xmlns="http://www.w3.org/1999/xhtml" xml:lang="en" lang="en">
 <head>
  <title>
</title>
<meta http-equiv="Content-Type" content="text/html;charset=utf-8" />
  <meta name='ocr-system' content='tesseract 3.04.00' />
  <meta name='ocr-capabilities' content='ocr_page ocr_carea ocr_par ocr_line ocrx_word'/>
</head>
<body>
  <div class='ocr_page' id='page_1' title='image "./denecessariisobs00fitzuoft_0274.png"; bbox 0 0 2022 3281; ppageno 0'>
   <div class='ocr_carea' id='block_1_1' title="bbox 488 174 1452 223">
    <p class='ocr_par' dir='ltr' id='par_1_1' title="bbox 488 174 1452 223">
     <span class='ocr_line' id='line_1_1' title="bbox 488 174 1452 223; baseline -0.007 -1"><span class='ocrx_word' id='word_1_1' title='bbox 488 194 570 223; x_wconf 89' lang='lat'><strong>210</strong></span> <span class='ocrx_word' id='word_1_2' title='bbox 972 178 1059 219; x_wconf 90' lang='lat' dir='ltr'><strong>DE</strong></span> <span class='ocrx_word' id='word_1_3' title='bbox 1091 174 1452 219; x_wconf 89' lang='lat' dir='ltr'><strong>SCACCARIO</strong></span> 
     </span>
    </p>
   </div>
   <div class='ocr_carea' id='block_1_2' title="bbox 485 286 1953 2812">
    <p class='ocr_par' dir='ltr' id='par_1_2' title="bbox 485 286 1940 1120">
     <span class='ocr_line' id='line_1_2' title="bbox 486 286 1933 345; baseline -0.006 -12"><span class='ocrx_word' id='word_1_4' title='bbox 486 300 495 316; x_wconf 79' lang='lat'><strong>⁴</strong></span> <span class='ocrx_word' id='word_1_5' title='bbox 510 295 672 345; x_wconf 84' lang='lat' dir='ltr'>Regiam</span> <span class='ocrx_word' id='word_1_6' title='bbox 691 300 921 345; x_wconf 89' lang='lat' dir='ltr'><strong>potestatem</strong></span> <span class='ocrx_word' id='word_1_7' title='bbox 942 303 1021 329; x_wconf 88' lang='lat' dir='ltr'><strong>non</strong></span> <span class='ocrx_word' id='word_1_8' title='bbox 1041 289 1165 328; x_wconf 87' lang='lat' dir='ltr'><strong>solum</strong></span> <span class='ocrx_word' id='word_1_9' title='bbox 1185 288 1302 326; x_wconf 88' lang='lat' dir='ltr'><strong>armis</strong></span> <span class='ocrx_word' id='word_1_10' title='bbox 1321 293 1455 326; x_wconf 87' lang='lat' dir='ltr'><strong>contra</strong></span> <span class='ocrx_word' id='word_1_11' title='bbox 1473 286 1632 325; x_wconf 89' lang='lat' dir='ltr'><strong>rebelles</strong></span> <span class='ocrx_word' id='word_1_12' title='bbox 1651 293 1689 326; x_wconf 91' lang='lat' dir='ltr'><strong>et</strong></span> <span class='ocrx_word' id='word_1_13' title='bbox 1709 292 1842 337; x_wconf 84' lang='lat' dir='ltr'><strong>gentes</strong></span> <span class='ocrx_word' id='word_1_14' title='bbox 1863 286 1933 325; x_wconf 86' lang='lat' dir='ltr'><strong>sibi</strong></span> 
     </span>
     <span class='ocr_line' id='line_1_3' title="bbox 485 351 1935 409; baseline -0.006 -11"><span class='ocrx_word' id='word_1_15' title='bbox 485 372 681 409; x_wconf 88' lang='lat' dir='ltr'><strong>regnoque</strong></span> <span class='ocrx_word' id='word_1_16' title='bbox 710 359 950 407; x_wconf 85' lang='lat' dir='ltr'><strong>insurgentes</strong></span> <span class='ocrx_word' id='word_1_17' title='bbox 980 362 1132 406; x_wconf 88' lang='lat' dir='ltr'><strong>oportet</strong></span> <span class='ocrx_word' id='word_1_18' title='bbox 1161 366 1244 392; x_wconf 92' lang='lat' dir='ltr'><strong>esse</strong></span> <span class='ocrx_word' id='word_1_19' title='bbox 1274 352 1506 399; x_wconf 89' lang='lat' dir='ltr'><strong>decoratam,</strong></span> <span class='ocrx_word' id='word_1_20' title='bbox 1535 352 1603 390; x_wconf 93' lang='lat' dir='ltr'><strong>sed</strong></span> <span class='ocrx_word' id='word_1_21' title='bbox 1632 359 1669 390; x_wconf 91' lang='lat' dir='ltr'><strong>et</strong></span> <span class='ocrx_word' id='word_1_22' title='bbox 1696 352 1854 401; x_wconf 89' lang='lat' dir='ltr'><strong>legibus,</strong></span> <span class='ocrx_word' id='word_1_23' title='bbox 1885 351 1935 389; x_wconf 93' lang='lat' dir='ltr'><strong>ad</strong></span> 
     </span>
     <span class='ocr_line' id='line_1_4' title="bbox 486 416 1936 473; baseline -0.006 -10"><span class='ocrx_word' id='word_1_24' title='bbox 486 425 658 463; x_wconf 90' lang='lat' dir='ltr'><strong>subditos</strong></span> <span class='ocrx_word' id='word_1_25' title='bbox 696 430 733 461; x_wconf 88' lang='lat' dir='ltr'><strong>et</strong></span> <span class='ocrx_word' id='word_1_26' title='bbox 769 422 936 473; x_wconf 89' lang='lat' dir='ltr'><strong>populos</strong></span> <span class='ocrx_word' id='word_1_27' title='bbox 974 420 1132 471; x_wconf 88' lang='lat' dir='ltr'><strong>pacifice</strong></span> <span class='ocrx_word' id='word_1_28' title='bbox 1172 418 1360 468; x_wconf 88' lang='lat' dir='ltr'><strong>tegendos</strong></span> <span class='ocrx_word' id='word_1_29' title='bbox 1397 416 1509 455; x_wconf 92' lang='lat' dir='ltr'><strong>decet</strong></span> <span class='ocrx_word' id='word_1_30' title='bbox 1546 429 1630 455; x_wconf 87' lang='lat' dir='ltr'><strong>esse</strong></span> <span class='ocrx_word' id='word_1_31' title='bbox 1671 425 1858 464; x_wconf 88' lang='lat' dir='ltr'><strong>ornatam,</strong></span> <span class='ocrx_word' id='word_1_32' title='bbox 1898 424 1936 454; x_wconf 88' lang='lat' dir='ltr'><strong>vt</strong></span> 
     </span>
     <span class='ocr_line' id='line_1_5' title="bbox 486 482 1936 540; baseline -0.006 -12"><span class='ocrx_word' id='word_1_33' title='bbox 486 498 643 540; x_wconf 89' lang='lat' dir='ltr'><strong>vtraque</strong></span> <span class='ocrx_word' id='word_1_34' title='bbox 671 496 856 538; x_wconf 87' lang='lat' dir='ltr'><strong>tempora,</strong></span> <span class='ocrx_word' id='word_1_35' title='bbox 884 487 991 537; x_wconf 83' lang='lat' dir='ltr'>pacis</span> <span class='ocrx_word' id='word_1_36' title='bbox 1019 492 1057 524; x_wconf 92' lang='lat' dir='ltr'><strong>et</strong></span> <span class='ocrx_word' id='word_1_37' title='bbox 1092 484 1192 530; x_wconf 91' lang='lat' dir='ltr'><strong>belli,</strong></span> <span class='ocrx_word' id='word_1_38' title='bbox 1223 483 1414 532; x_wconf 89' lang='lat' dir='ltr'><strong>gloriosus</strong></span> <span class='ocrx_word' id='word_1_39' title='bbox 1443 494 1509 520; x_wconf 84' lang='lat' dir='ltr'><strong>rex</strong></span> <span class='ocrx_word' id='word_1_40' title='bbox 1539 489 1668 520; x_wconf 89' lang='lat' dir='ltr'><strong>noster</strong></span> <span class='ocrx_word' id='word_1_41' title='bbox 1701 483 1750 520; x_wconf 89' lang='lat' dir='ltr'><strong>ita</strong></span> <span class='ocrx_word' id='word_1_42' title='bbox 1778 482 1936 520; x_wconf 82' lang='lat' dir='ltr'><strong>feliciter</strong></span> 
     </span>
     <span class='ocr_line' id='line_1_6' title="bbox 485 547 1935 604; baseline -0.006 -12"><span class='ocrx_word' id='word_1_43' title='bbox 485 555 680 604; x_wconf 84' lang='lat' dir='ltr'><strong>transigat,</strong></span> <span class='ocrx_word' id='word_1_44' title='bbox 693 560 730 590; x_wconf 91' lang='lat' dir='ltr'><strong>vt</strong></span> <span class='ocrx_word' id='word_1_45' title='bbox 743 553 1014 590; x_wconf 80' lang='lat' dir='ltr'><strong>effrenatorum</strong></span> <span class='ocrx_word' id='word_1_46' title='bbox 1031 557 1068 588; x_wconf 91' lang='lat' dir='ltr'><strong>et</strong></span> <span class='ocrx_word' id='word_1_47' title='bbox 1080 549 1355 587; x_wconf 90' lang='lat' dir='ltr'><strong>indomitorum</strong></span> <span class='ocrx_word' id='word_1_48' title='bbox 1368 547 1502 585; x_wconf 85' lang='lat' dir='ltr'><strong>dextra</strong></span> <span class='ocrx_word' id='word_1_49' title='bbox 1514 547 1741 586; x_wconf 88' lang='lat' dir='ltr'><strong>fortitudinis</strong></span> <span class='ocrx_word' id='word_1_50' title='bbox 1757 547 1935 585; x_wconf 91' lang='lat' dir='ltr'><strong>elidendo</strong></span> 
     </span>
     <span class='ocr_line' id='line_1_7' title="bbox 487 611 1936 670; baseline -0.006 -13"><span class='ocrx_word' id='word_1_51' title='bbox 487 620 704 670; x_wconf 86' lang='lat' dir='ltr'><strong>superbiam</strong></span> <span class='ocrx_word' id='word_1_52' title='bbox 725 625 762 655; x_wconf 87' lang='lat' dir='ltr'><strong>et</strong></span> <span class='ocrx_word' id='word_1_53' title='bbox 785 617 986 654; x_wconf 89' lang='lat' dir='ltr'><strong>humilium</strong></span> <span class='ocrx_word' id='word_1_54' title='bbox 1006 622 1043 653; x_wconf 91' lang='lat' dir='ltr'><strong>et</strong></span> <span class='ocrx_word' id='word_1_55' title='bbox 1063 620 1352 652; x_wconf 88' lang='lat' dir='ltr'><strong>mansuetorum</strong></span> <span class='ocrx_word' id='word_1_56' title='bbox 1371 613 1548 663; x_wconf 89' lang='lat' dir='ltr'><strong>equitatis</strong></span> <span class='ocrx_word' id='word_1_57' title='bbox 1567 613 1672 662; x_wconf 87' lang='lat' dir='ltr'><strong>virga</strong></span> <span class='ocrx_word' id='word_1_58' title='bbox 1696 611 1936 650; x_wconf 89' lang='lat' dir='ltr'><strong>moderando</strong></span> 
     </span>
     <span class='ocr_line' id='line_1_8' title="bbox 485 677 1937 729; baseline -0.006 -7"><span class='ocrx_word' id='word_1_59' title='bbox 485 685 677 729; x_wconf 89' lang='lat' dir='ltr'><strong>iustitiam,</strong></span> <span class='ocrx_word' id='word_1_60' title='bbox 707 689 786 720; x_wconf 86' lang='lat' dir='ltr'><strong>tam</strong></span> <span class='ocrx_word' id='word_1_61' title='bbox 816 682 855 719; x_wconf 90' lang='lat' dir='ltr'><strong>in</strong></span> <span class='ocrx_word' id='word_1_62' title='bbox 883 681 1056 719; x_wconf 85' lang='lat' dir='ltr'><strong>hostibus</strong></span> <span class='ocrx_word' id='word_1_63' title='bbox 1095 678 1331 718; x_wconf 88' lang='lat' dir='ltr'><strong>debellandis</strong></span> <span class='ocrx_word' id='word_1_64' title='bbox 1370 690 1523 728; x_wconf 87' lang='lat' dir='ltr'><strong>semper</strong></span> <span class='ocrx_word' id='word_1_65' title='bbox 1549 678 1773 716; x_wconf 89' lang='lat' dir='ltr'><strong>victoriosus</strong></span> <span class='ocrx_word' id='word_1_66' title='bbox 1801 677 1937 716; x_wconf 85' lang='lat' dir='ltr'><strong>existat</strong></span> 
     </span>
     <span class='ocr_line' id='line_1_9' title="bbox 486 741 1939 799; baseline -0.005 -13"><span class='ocrx_word' id='word_1_67' title='bbox 486 761 601 799; x_wconf 90' lang='lat' dir='ltr'><strong>quam</strong></span> <span class='ocrx_word' id='word_1_68' title='bbox 615 749 654 785; x_wconf 92' lang='lat' dir='ltr'><strong>in</strong></span> <span class='ocrx_word' id='word_1_69' title='bbox 672 747 830 785; x_wconf 89' lang='lat' dir='ltr'><strong>subditis</strong></span> <span class='ocrx_word' id='word_1_70' title='bbox 842 746 1048 784; x_wconf 86' lang='lat' dir='ltr'><strong>tractandis</strong></span> <span class='ocrx_word' id='word_1_71' title='bbox 1060 745 1204 795; x_wconf 87' lang='lat' dir='ltr'><strong>equalis</strong></span> <span class='ocrx_word' id='word_1_72' title='bbox 1219 744 1354 794; x_wconf 87' lang='lat' dir='ltr'><strong>iugiter</strong></span> <span class='ocrx_word' id='word_1_73' title='bbox 1366 749 1556 793; x_wconf 86' lang='lat' dir='ltr'><strong>appareat.</strong></span> <span class='ocrx_word' id='word_1_74' title='bbox 1598 742 1729 789; x_wconf 86' lang='lat' dir='ltr'><strong>Quam</strong></span> <span class='ocrx_word' id='word_1_75' title='bbox 1741 741 1939 791; x_wconf 90' lang='lat' dir='ltr'><strong>eleganter</strong></span> 
     </span>
     <span class='ocr_line' id='line_1_10' title="bbox 486 808 1939 862; baseline -0.006 -10"><span class='ocrx_word' id='word_1_76' title='bbox 486 820 625 860; x_wconf 87' lang='lat' dir='ltr'><strong>autem,</strong></span> <span class='ocrx_word' id='word_1_77' title='bbox 649 824 767 862; x_wconf 87' lang='lat' dir='ltr'><strong>quam</strong></span> <span class='ocrx_word' id='word_1_78' title='bbox 793 818 957 856; x_wconf 87' lang='lat' dir='ltr'><strong>strenue,</strong></span> <span class='ocrx_word' id='word_1_79' title='bbox 977 822 1095 861; x_wconf 87' lang='lat' dir='ltr'><strong>quam</strong></span> <span class='ocrx_word' id='word_1_80' title='bbox 1123 809 1257 847; x_wconf 89' lang='lat' dir='ltr'><strong>callide</strong></span> <span class='ocrx_word' id='word_1_81' title='bbox 1279 809 1446 847; x_wconf 88' lang='lat' dir='ltr'><strong>hostium</strong></span> <span class='ocrx_word' id='word_1_82' title='bbox 1469 808 1666 846; x_wconf 90' lang='lat' dir='ltr'><strong>obuiando</strong></span> <span class='ocrx_word' id='word_1_83' title='bbox 1693 808 1845 846; x_wconf 87' lang='lat' dir='ltr'><strong>malitiis</strong></span> <span class='ocrx_word' id='word_1_84' title='bbox 1873 819 1939 845; x_wconf 87' lang='lat' dir='ltr'><strong>ex-</strong></span> 
     </span>
     <span class='ocr_line' id='line_1_11' title="bbox 485 873 1940 924; baseline -0.005 -8"><span class='ocrx_word' id='word_1_85' title='bbox 485 878 776 917; x_wconf 89' lang='lat' dir='ltr'><strong>cellentissimus</strong></span> <span class='ocrx_word' id='word_1_86' title='bbox 814 889 881 914; x_wconf 85' lang='lat' dir='ltr'><strong>rex</strong></span> <span class='ocrx_word' id='word_1_87' title='bbox 919 882 1047 914; x_wconf 90' lang='lat' dir='ltr'><strong>noster</strong></span> <span class='ocrx_word' id='word_1_88' title='bbox 1086 874 1300 913; x_wconf 86' lang='lat' dir='ltr'><strong>hostilitatis</strong></span> <span class='ocrx_word' id='word_1_89' title='bbox 1336 881 1512 924; x_wconf 88' lang='lat' dir='ltr'><strong>tempore</strong></span> <span class='ocrx_word' id='word_1_90' title='bbox 1544 879 1732 911; x_wconf 89' lang='lat' dir='ltr'><strong>armatam</strong></span> <span class='ocrx_word' id='word_1_91' title='bbox 1769 873 1940 911; x_wconf 89' lang='lat' dir='ltr'><strong>exercuit</strong></span> 
     </span>
     <span class='ocr_line' id='line_1_12' title="bbox 486 938 1940 989; baseline -0.004 -8"><span class='ocrx_word' id='word_1_92' title='bbox 486 943 670 989; x_wconf 87' lang='lat' dir='ltr'><strong>militiam,</strong></span> <span class='ocrx_word' id='word_1_93' title='bbox 687 941 831 979; x_wconf 91' lang='lat' dir='ltr'><strong>nemini</strong></span> <span class='ocrx_word' id='word_1_94' title='bbox 850 941 954 978; x_wconf 89' lang='lat' dir='ltr'><strong>venit</strong></span> <span class='ocrx_word' id='word_1_95' title='bbox 974 941 1012 978; x_wconf 91' lang='lat' dir='ltr'><strong>in</strong></span> <span class='ocrx_word' id='word_1_96' title='bbox 1028 939 1199 984; x_wconf 90' lang='lat' dir='ltr'><strong>dubium,</strong></span> <span class='ocrx_word' id='word_1_97' title='bbox 1220 951 1309 977; x_wconf 91' lang='lat' dir='ltr'><strong>cum</strong></span> <span class='ocrx_word' id='word_1_98' title='bbox 1329 939 1405 976; x_wconf 86' lang='lat' dir='ltr'><strong>iam</strong></span> <span class='ocrx_word' id='word_1_99' title='bbox 1425 939 1465 976; x_wconf 92' lang='lat' dir='ltr'><strong>in</strong></span> <span class='ocrx_word' id='word_1_100' title='bbox 1477 950 1634 977; x_wconf 90' lang='lat' dir='ltr'><strong>omnem</strong></span> <span class='ocrx_word' id='word_1_101' title='bbox 1649 945 1787 976; x_wconf 88' lang='lat' dir='ltr'><strong>terram</strong></span> <span class='ocrx_word' id='word_1_102' title='bbox 1808 938 1940 976; x_wconf 85' lang='lat' dir='ltr'><strong>exierit</strong></span> 
     </span>
     <span class='ocr_line' id='line_1_13' title="bbox 487 1002 1940 1055; baseline -0.004 -9"><span class='ocrx_word' id='word_1_103' title='bbox 487 1009 569 1046; x_wconf 87' lang='lat' dir='ltr'><strong>laus</strong></span> <span class='ocrx_word' id='word_1_104' title='bbox 596 1008 677 1045; x_wconf 92' lang='lat' dir='ltr'><strong>eius</strong></span> <span class='ocrx_word' id='word_1_105' title='bbox 702 1013 739 1044; x_wconf 91' lang='lat' dir='ltr'><strong>et</strong></span> <span class='ocrx_word' id='word_1_106' title='bbox 766 1007 806 1044; x_wconf 89' lang='lat' dir='ltr'><strong>in</strong></span> <span class='ocrx_word' id='word_1_107' title='bbox 831 1018 968 1044; x_wconf 92' lang='lat' dir='ltr'><strong>omnes</strong></span> <span class='ocrx_word' id='word_1_108' title='bbox 997 1006 1093 1044; x_wconf 92' lang='lat' dir='ltr'><strong>fines</strong></span> <span class='ocrx_word' id='word_1_109' title='bbox 1121 1004 1223 1042; x_wconf 90' lang='lat' dir='ltr'><strong>orbis</strong></span> <span class='ocrx_word' id='word_1_110' title='bbox 1252 1011 1351 1043; x_wconf 92' lang='lat' dir='ltr'><strong>terre</strong></span> <span class='ocrx_word' id='word_1_111' title='bbox 1378 1003 1572 1055; x_wconf 87' lang='lat' dir='ltr'><strong>magnalia</strong></span> <span class='ocrx_word' id='word_1_112' title='bbox 1599 1002 1703 1049; x_wconf 91' lang='lat' dir='ltr'><strong>eius‚&#39;</strong></span> <span class='ocrx_word' id='word_1_113' title='bbox 1728 1006 1796 1042; x_wconf 88' lang='lat' dir='ltr'><strong>&amp;c.</strong></span> <span class='ocrx_word' id='word_1_114' title='bbox 1852 1002 1940 1040; x_wconf 87' lang='lat' dir='ltr'><strong>The</strong></span> 
     </span>
     <span class='ocr_line' id='line_1_14' title="bbox 487 1069 1383 1120; baseline -0.004 -9"><span class='ocrx_word' id='word_1_115' title='bbox 487 1074 573 1112; x_wconf 90' lang='lat' dir='ltr'><strong>date</strong></span> <span class='ocrx_word' id='word_1_116' title='bbox 592 1073 636 1111; x_wconf 87' lang='lat' dir='ltr'><strong>of</strong></span> <span class='ocrx_word' id='word_1_117' title='bbox 651 1073 754 1111; x_wconf 89' lang='lat' dir='ltr'><strong>these</strong></span> <span class='ocrx_word' id='word_1_118' title='bbox 775 1071 1030 1110; x_wconf 88' lang='lat' dir='ltr'><strong>transactions</strong></span> <span class='ocrx_word' id='word_1_119' title='bbox 1050 1071 1080 1108; x_wconf 93' lang='lat' dir='ltr'><strong>is</strong></span> <span class='ocrx_word' id='word_1_120' title='bbox 1108 1073 1154 1108; x_wconf 91' lang='lat'><strong>16</strong></span> <span class='ocrx_word' id='word_1_121' title='bbox 1176 1069 1312 1120; x_wconf 93' lang='lat' dir='ltr'><strong>Henry</strong></span> <span class='ocrx_word' id='word_1_122' title='bbox 1332 1070 1383 1107; x_wconf 94' lang='lat' dir='ltr'><strong>II.</strong></span> 
     </span>
    </p>

    <p class='ocr_par' dir='ltr' id='par_1_3' title="bbox 487 1133 1941 1251">
     <span class='ocr_line' id='line_1_15' title="bbox 542 1133 1941 1186; baseline -0.004 -10"><span class='ocrx_word' id='word_1_123' title='bbox 542 1138 583 1176; x_wconf 94' lang='lat' dir='ltr'><strong>P.</strong></span> <span class='ocrx_word' id='word_1_124' title='bbox 609 1141 695 1183; x_wconf 89' lang='grc'>117,</span> <span class='ocrx_word' id='word_1_125' title='bbox 718 1138 741 1175; x_wconf 93' lang='lat' dir='ltr'><strong>l.</strong></span> <span class='ocrx_word' id='word_1_126' title='bbox 764 1149 825 1186; x_wconf 80' lang='lat'><strong>30.</strong></span> <span class='ocrx_word' id='word_1_127' title='bbox 855 1138 1070 1175; x_wconf 82' lang='lat' dir='ltr'><strong>discolos:</strong></span> <span class='ocrx_word' id='word_1_128' title='bbox 1110 1134 1159 1173; x_wconf 91' lang='lat' dir='ltr'><strong>cf.</strong></span> <span class='ocrx_word' id='word_1_129' title='bbox 1184 1147 1199 1172; x_wconf 96' lang='lat'>1</span> <span class='ocrx_word' id='word_1_130' title='bbox 1225 1134 1304 1172; x_wconf 88' lang='lat' dir='ltr'><strong>Pet.</strong></span> <span class='ocrx_word' id='word_1_131' title='bbox 1326 1135 1361 1172; x_wconf 89' lang='lat' dir='ltr'><strong>ii.</strong></span> <span class='ocrx_word' id='word_1_132' title='bbox 1386 1137 1432 1173; x_wconf 89' lang='lat'><strong>18</strong></span> <span class='ocrx_word' id='word_1_133' title='bbox 1459 1137 1563 1173; x_wconf 90' lang='lat' dir='ltr'><strong>‘non</strong></span> <span class='ocrx_word' id='word_1_134' title='bbox 1587 1140 1737 1172; x_wconf 89' lang='lat' dir='ltr'><strong>tantum</strong></span> <span class='ocrx_word' id='word_1_135' title='bbox 1763 1133 1878 1171; x_wconf 92' lang='lat' dir='ltr'><strong>bonis</strong></span> <span class='ocrx_word' id='word_1_136' title='bbox 1905 1140 1941 1170; x_wconf 87' lang='lat' dir='ltr'><strong>et</strong></span> 
     </span>
     <span class='ocr_line' id='line_1_16' title="bbox 487 1200 1113 1251; baseline -0.006 -10"><span class='ocrx_word' id='word_1_137' title='bbox 487 1203 682 1249; x_wconf 82' lang='lat' dir='ltr'><strong>modestis,</strong></span> <span class='ocrx_word' id='word_1_138' title='bbox 702 1203 770 1240; x_wconf 87' lang='lat' dir='ltr'><strong>sed</strong></span> <span class='ocrx_word' id='word_1_139' title='bbox 789 1202 904 1239; x_wconf 87' lang='lat' dir='ltr'><strong>etiam</strong></span> <span class='ocrx_word' id='word_1_140' title='bbox 924 1200 1113 1251; x_wconf 88' lang='lat' dir='ltr'><strong>dyscolis.’</strong></span> 
     </span>
    </p>

    <p class='ocr_par' dir='ltr' id='par_1_4' title="bbox 492 1263 1940 1382">
     <span class='ocr_line' id='line_1_17' title="bbox 544 1263 1940 1315; baseline -0.002 -10"><span class='ocrx_word' id='word_1_141' title='bbox 544 1268 586 1305; x_wconf 88' lang='lat' dir='ltr'><strong>P.</strong></span> <span class='ocrx_word' id='word_1_142' title='bbox 611 1270 699 1315; x_wconf 89' lang='lat'>118,</span> <span class='ocrx_word' id='word_1_143' title='bbox 726 1267 749 1304; x_wconf 94' lang='lat' dir='ltr'><strong>l.</strong></span> <span class='ocrx_word' id='word_1_144' title='bbox 775 1279 834 1314; x_wconf 81' lang='lat'><strong>14.</strong></span> <span class='ocrx_word' id='word_1_145' title='bbox 863 1269 973 1304; x_wconf 84' lang='lat' dir='ltr'><strong>dum</strong></span> <span class='ocrx_word' id='word_1_146' title='bbox 1002 1267 1181 1312; x_wconf 85' lang='lat' dir='ltr'><strong>paruuli</strong></span> <span class='ocrx_word' id='word_1_147' title='bbox 1210 1269 1370 1304; x_wconf 82' lang='lat' dir='ltr'><strong>essent.</strong></span> <span class='ocrx_word' id='word_1_148' title='bbox 1430 1263 1578 1315; x_wconf 90' lang='lat' dir='ltr'><strong>Henry,</strong></span> <span class='ocrx_word' id='word_1_149' title='bbox 1607 1263 1672 1303; x_wconf 89' lang='lat' dir='ltr'><strong>the</strong></span> <span class='ocrx_word' id='word_1_150' title='bbox 1700 1263 1833 1311; x_wconf 90' lang='lat' dir='ltr'><strong>eldest,</strong></span> <span class='ocrx_word' id='word_1_151' title='bbox 1861 1274 1940 1302; x_wconf 90' lang='lat' dir='ltr'><strong>was</strong></span> 
     </span>
     <span class='ocr_line' id='line_1_18' title="bbox 492 1332 1005 1382; baseline -0.008 -10"><span class='ocrx_word' id='word_1_152' title='bbox 492 1335 611 1372; x_wconf 90' lang='lat' dir='ltr'><strong>about</strong></span> <span class='ocrx_word' id='word_1_153' title='bbox 630 1332 807 1382; x_wconf 88' lang='lat' dir='ltr'><strong>eighteen</strong></span> <span class='ocrx_word' id='word_1_154' title='bbox 827 1332 866 1369; x_wconf 90' lang='lat' dir='ltr'><strong>in</strong></span> <span class='ocrx_word' id='word_1_155' title='bbox 892 1344 907 1368; x_wconf 94' lang='lat'>1</span> <span class='ocrx_word' id='word_1_156' title='bbox 920 1340 1005 1380; x_wconf 83' lang='lat'><strong>173.</strong></span> 
     </span>
    </p>

    <p class='ocr_par' dir='ltr' id='par_1_5' title="bbox 490 1394 1941 1500">
     <span class='ocr_line' id='line_1_19' title="bbox 596 1394 1941 1444; baseline -0.004 -8"><span class='ocrx_word' id='word_1_157' title='bbox 596 1399 767 1436; x_wconf 83' lang='lat' dir='ltr'><strong>ratione</strong></span> <span class='ocrx_word' id='word_1_158' title='bbox 805 1399 935 1434; x_wconf 77' lang='lat' dir='ltr'><strong>etatis</strong></span> <span class='ocrx_word' id='word_1_159' title='bbox 973 1396 1091 1434; x_wconf 81' lang='lat' dir='ltr'><strong>cerei</strong></span> <span class='ocrx_word' id='word_1_160' title='bbox 1110 1408 1118 1432; x_wconf 92' lang='lat'><strong>:</strong></span> <span class='ocrx_word' id='word_1_161' title='bbox 1171 1394 1217 1433; x_wconf 90' lang='lat' dir='ltr'><strong>cf.</strong></span> <span class='ocrx_word' id='word_1_162' title='bbox 1248 1394 1346 1433; x_wconf 92' lang='lat' dir='ltr'><strong>Hor.</strong></span> <span class='ocrx_word' id='word_1_163' title='bbox 1378 1394 1430 1432; x_wconf 87' lang='grc' dir='ltr'><strong>Α.</strong></span> <span class='ocrx_word' id='word_1_164' title='bbox 1458 1395 1509 1433; x_wconf 90' lang='lat' dir='ltr'><strong>P.</strong></span> <span class='ocrx_word' id='word_1_165' title='bbox 1548 1397 1674 1444; x_wconf 84' lang='lat'>161-3</span> <span class='ocrx_word' id='word_1_166' title='bbox 1716 1394 1941 1432; x_wconf 90' lang='lat' dir='ltr'><strong>‘Imberbus</strong></span> 
     </span>
     <span class='ocr_line' id='line_1_20' title="bbox 490 1459 1287 1500; baseline -0.005 0"><span class='ocrx_word' id='word_1_167' title='bbox 490 1462 641 1500; x_wconf 88' lang='lat' dir='ltr'><strong>iuuenis</strong></span> <span class='ocrx_word' id='word_1_168' title='bbox 654 1461 662 1475; x_wconf 93' lang='lat'>&#39;</span> <span class='ocrx_word' id='word_1_169' title='bbox 685 1490 693 1498; x_wconf 88' lang='lat'><strong>.</strong></span> <span class='ocrx_word' id='word_1_170' title='bbox 714 1491 723 1499; x_wconf 94' lang='lat'><strong>.</strong></span> <span class='ocrx_word' id='word_1_171' title='bbox 745 1491 753 1500; x_wconf 94' lang='lat'><strong>.</strong></span> <span class='ocrx_word' id='word_1_172' title='bbox 770 1464 779 1480; x_wconf 91' lang='lat'>‘</span> <span class='ocrx_word' id='word_1_173' title='bbox 792 1460 938 1498; x_wconf 90' lang='lat' dir='ltr'><strong>Cereus</strong></span> <span class='ocrx_word' id='word_1_174' title='bbox 958 1460 997 1497; x_wconf 89' lang='lat' dir='ltr'><strong>in</strong></span> <span class='ocrx_word' id='word_1_175' title='bbox 1014 1460 1143 1497; x_wconf 86' lang='lat' dir='ltr'><strong>vitium</strong></span> <span class='ocrx_word' id='word_1_176' title='bbox 1164 1459 1287 1497; x_wconf 87' lang='lat' dir='ltr'><strong>flecti.’</strong></span> 
     </span>
    </p>

    <p class='ocr_par' dir='ltr' id='par_1_6' title="bbox 491 1523 1948 1702">
     <span class='ocr_line' id='line_1_21' title="bbox 597 1523 1943 1575; baseline -0.003 -11"><span class='ocrx_word' id='word_1_177' title='bbox 597 1527 621 1564; x_wconf 92' lang='lat' dir='ltr'><strong>l.</strong></span> <span class='ocrx_word' id='word_1_178' title='bbox 656 1537 715 1575; x_wconf 88' lang='lat'><strong>15.</strong></span> <span class='ocrx_word' id='word_1_179' title='bbox 743 1528 1005 1572; x_wconf 85' lang='lat' dir='ltr'><strong>vulpecule:</strong></span> <span class='ocrx_word' id='word_1_180' title='bbox 1053 1524 1100 1562; x_wconf 90' lang='lat' dir='ltr'><strong>cf.</strong></span> <span class='ocrx_word' id='word_1_181' title='bbox 1145 1525 1256 1563; x_wconf 90' lang='lat' dir='ltr'><strong>Cant.</strong></span> <span class='ocrx_word' id='word_1_182' title='bbox 1294 1525 1330 1561; x_wconf 86' lang='lat' dir='ltr'><strong>ii.</strong></span> <span class='ocrx_word' id='word_1_183' title='bbox 1373 1533 1419 1572; x_wconf 88' lang='lat'><strong>15</strong></span> <span class='ocrx_word' id='word_1_184' title='bbox 1460 1527 1469 1544; x_wconf 91' lang='lat'><em>‘</em></span> <span class='ocrx_word' id='word_1_185' title='bbox 1486 1523 1623 1574; x_wconf 90' lang='lat' dir='ltr'><strong>Capite</strong></span> <span class='ocrx_word' id='word_1_186' title='bbox 1660 1523 1773 1562; x_wconf 89' lang='lat' dir='ltr'><strong>nobis</strong></span> <span class='ocrx_word' id='word_1_187' title='bbox 1810 1523 1943 1572; x_wconf 89' lang='lat' dir='ltr'><strong>vulpes</strong></span> 
     </span>
     <span class='ocr_line' id='line_1_22' title="bbox 491 1587 1948 1643; baseline -0.003 -13"><span class='ocrx_word' id='word_1_188' title='bbox 491 1592 671 1643; x_wconf 89' lang='lat' dir='ltr'><strong>paruulas</strong></span> <span class='ocrx_word' id='word_1_189' title='bbox 691 1604 764 1641; x_wconf 90' lang='lat' dir='ltr'><strong>que</strong></span> <span class='ocrx_word' id='word_1_190' title='bbox 784 1591 1044 1628; x_wconf 90' lang='lat' dir='ltr'><strong>demoliuntur</strong></span> <span class='ocrx_word' id='word_1_191' title='bbox 1062 1587 1213 1628; x_wconf 64' lang='lat' dir='ltr'><strong>vineas!</strong></span> <span class='ocrx_word' id='word_1_192' title='bbox 1270 1589 1357 1627; x_wconf 90' lang='lat' dir='ltr'><strong>The</strong></span> <span class='ocrx_word' id='word_1_193' title='bbox 1376 1589 1466 1627; x_wconf 88' lang='lat' dir='ltr'><strong>little</strong></span> <span class='ocrx_word' id='word_1_194' title='bbox 1495 1589 1605 1628; x_wconf 85' lang='lat' dir='ltr'><strong>foxes</strong></span> <span class='ocrx_word' id='word_1_195' title='bbox 1624 1601 1689 1627; x_wconf 90' lang='lat' dir='ltr'><strong>are</strong></span> <span class='ocrx_word' id='word_1_196' title='bbox 1708 1588 1772 1626; x_wconf 89' lang='lat' dir='ltr'><strong>the</strong></span> <span class='ocrx_word' id='word_1_197' title='bbox 1790 1587 1886 1638; x_wconf 85' lang='lat' dir='ltr'><strong>king</strong></span> <span class='ocrx_word' id='word_1_198' title='bbox 1905 1588 1948 1626; x_wconf 89' lang='lat' dir='ltr'><strong>of</strong></span> 
     </span>
     <span class='ocr_line' id='line_1_23' title="bbox 492 1655 1095 1702; baseline -0.007 -6"><span class='ocrx_word' id='word_1_199' title='bbox 492 1658 642 1696; x_wconf 91' lang='lat' dir='ltr'><strong>France</strong></span> <span class='ocrx_word' id='word_1_200' title='bbox 662 1656 739 1694; x_wconf 90' lang='lat' dir='ltr'><strong>and</strong></span> <span class='ocrx_word' id='word_1_201' title='bbox 760 1656 897 1702; x_wconf 90' lang='lat' dir='ltr'><strong>Queen</strong></span> <span class='ocrx_word' id='word_1_202' title='bbox 917 1655 1095 1693; x_wconf 85' lang='lat' dir='ltr'><strong>Eleanor.</strong></span> 
     </span>
    </p>

    <p class='ocr_par' dir='ltr' id='par_1_7' title="bbox 493 1718 1942 1838">
     <span class='ocr_line' id='line_1_24' title="bbox 600 1718 1942 1770; baseline -0.003 -11"><span class='ocrx_word' id='word_1_203' title='bbox 600 1722 626 1762; x_wconf 91' lang='lat' dir='ltr'><strong>l.</strong></span> <span class='ocrx_word' id='word_1_204' title='bbox 651 1731 710 1770; x_wconf 86' lang='lat'><strong>17.</strong></span> <span class='ocrx_word' id='word_1_205' title='bbox 738 1733 820 1759; x_wconf 86' lang='lat' dir='ltr'><strong>sua</strong></span> <span class='ocrx_word' id='word_1_206' title='bbox 843 1723 1038 1759; x_wconf 84' lang='lat' dir='ltr'><strong>viscera:</strong></span> <span class='ocrx_word' id='word_1_207' title='bbox 1082 1720 1104 1757; x_wconf 88' lang='lat' dir='ltr'><strong>i.</strong></span> <span class='ocrx_word' id='word_1_208' title='bbox 1121 1731 1153 1757; x_wconf 90' lang='lat' dir='ltr'><strong>e.</strong></span> <span class='ocrx_word' id='word_1_209' title='bbox 1172 1719 1230 1757; x_wconf 88' lang='lat' dir='ltr'><strong>his</strong></span> <span class='ocrx_word' id='word_1_210' title='bbox 1255 1719 1435 1758; x_wconf 90' lang='lat' dir='ltr'><strong>children.</strong></span> <span class='ocrx_word' id='word_1_211' title='bbox 1492 1718 1551 1757; x_wconf 87' lang='lat' dir='ltr'><strong>Cf.</strong></span> <span class='ocrx_word' id='word_1_212' title='bbox 1577 1718 1687 1767; x_wconf 91' lang='lat' dir='ltr'><strong>Ovid,</strong></span> <span class='ocrx_word' id='word_1_213' title='bbox 1709 1718 1772 1756; x_wconf 91' lang='lat' dir='ltr'><strong>M.</strong></span> <span class='ocrx_word' id='word_1_214' title='bbox 1798 1718 1846 1756; x_wconf 89' lang='lat' dir='ltr'><strong>vi.</strong></span> <span class='ocrx_word' id='word_1_215' title='bbox 1867 1720 1942 1766; x_wconf 91' lang='lat'><strong>651</strong></span> 
     </span>
     <span class='ocr_line' id='line_1_25' title="bbox 493 1783 1579 1838; baseline -0.003 -13"><span class='ocrx_word' id='word_1_216' title='bbox 493 1785 676 1838; x_wconf 91' lang='lat' dir='ltr'><strong>(Tereus)</strong></span> <span class='ocrx_word' id='word_1_217' title='bbox 691 1787 829 1836; x_wconf 89' lang='lat' dir='ltr'><strong>‘inque</strong></span> <span class='ocrx_word' id='word_1_218' title='bbox 850 1798 959 1824; x_wconf 87' lang='lat' dir='ltr'><strong>suam</strong></span> <span class='ocrx_word' id='word_1_219' title='bbox 979 1797 1049 1823; x_wconf 88' lang='lat' dir='ltr'><strong>sua</strong></span> <span class='ocrx_word' id='word_1_220' title='bbox 1068 1785 1212 1823; x_wconf 85' lang='lat' dir='ltr'><strong>viscera</strong></span> <span class='ocrx_word' id='word_1_221' title='bbox 1231 1785 1402 1834; x_wconf 90' lang='lat' dir='ltr'><strong>congerit</strong></span> <span class='ocrx_word' id='word_1_222' title='bbox 1424 1783 1579 1822; x_wconf 68' lang='lat' dir='ltr'><strong>aluum!</strong></span> 
     </span>
    </p>

    <p class='ocr_par' dir='ltr' id='par_1_8' title="bbox 496 1848 1946 1962">
     <span class='ocr_line' id='line_1_26' title="bbox 603 1848 1946 1899; baseline -0.002 -10"><span class='ocrx_word' id='word_1_223' title='bbox 603 1853 625 1890; x_wconf 91' lang='lat' dir='ltr'><strong>l.</strong></span> <span class='ocrx_word' id='word_1_224' title='bbox 650 1854 708 1889; x_wconf 88' lang='lat'><strong>18.</strong></span> <span class='ocrx_word' id='word_1_225' title='bbox 736 1853 938 1890; x_wconf 83' lang='lat' dir='ltr'><strong>inimici.</strong></span> <span class='ocrx_word' id='word_1_226' title='bbox 960 1879 971 1890; x_wconf 90' lang='lat'><strong>.</strong></span> <span class='ocrx_word' id='word_1_227' title='bbox 993 1880 1004 1890; x_wconf 96' lang='lat'><strong>.</strong></span> <span class='ocrx_word' id='word_1_228' title='bbox 1024 1853 1147 1890; x_wconf 84' lang='lat' dir='ltr'><strong>eius:</strong></span> <span class='ocrx_word' id='word_1_229' title='bbox 1186 1849 1233 1888; x_wconf 90' lang='lat' dir='ltr'><strong>cf.</strong></span> <span class='ocrx_word' id='word_1_230' title='bbox 1273 1849 1386 1888; x_wconf 82' lang='lat' dir='ltr'><strong>Matt.</strong></span> <span class='ocrx_word' id='word_1_231' title='bbox 1424 1863 1461 1888; x_wconf 84' lang='lat' dir='ltr'><strong>x.</strong></span> <span class='ocrx_word' id='word_1_232' title='bbox 1502 1852 1550 1899; x_wconf 82' lang='lat'><strong>36</strong></span> <span class='ocrx_word' id='word_1_233' title='bbox 1586 1848 1663 1887; x_wconf 91' lang='lat' dir='ltr'><strong>and</strong></span> <span class='ocrx_word' id='word_1_234' title='bbox 1697 1848 1791 1887; x_wconf 91' lang='lat' dir='ltr'><strong>Mic.</strong></span> <span class='ocrx_word' id='word_1_235' title='bbox 1822 1849 1882 1886; x_wconf 86' lang='lat' dir='ltr'><strong>vii.</strong></span> <span class='ocrx_word' id='word_1_236' title='bbox 1923 1851 1946 1886; x_wconf 87' lang='lat'>6</span> 
     </span>
     <span class='ocr_line' id='line_1_27' title="bbox 496 1912 1201 1962; baseline -0.004 -7"><span class='ocrx_word' id='word_1_237' title='bbox 496 1916 661 1955; x_wconf 86' lang='lat' dir='ltr'><strong>‘inimici</strong></span> <span class='ocrx_word' id='word_1_238' title='bbox 681 1916 857 1962; x_wconf 87' lang='lat' dir='ltr'><strong>hominis,</strong></span> <span class='ocrx_word' id='word_1_239' title='bbox 879 1916 1077 1955; x_wconf 89' lang='lat' dir='ltr'><strong>domestici</strong></span> <span class='ocrx_word' id='word_1_240' title='bbox 1097 1912 1201 1953; x_wconf 88' lang='lat' dir='ltr'><strong>eius.&#39;</strong></span> 
     </span>
    </p>

    <p class='ocr_par' dir='ltr' id='par_1_9' title="bbox 495 1979 1943 2085">
     <span class='ocr_line' id='line_1_28' title="bbox 602 1979 1943 2032; baseline -0.002 -13"><span class='ocrx_word' id='word_1_241' title='bbox 602 1984 682 2028; x_wconf 64' lang='lat' dir='ltr'><strong>qui</strong></span> <span class='ocrx_word' id='word_1_242' title='bbox 710 1984 1034 2020; x_wconf 83' lang='lat' dir='ltr'><strong>custodiebant.</strong></span> <span class='ocrx_word' id='word_1_243' title='bbox 1091 1979 1150 2020; x_wconf 85' lang='lat' dir='ltr'><strong>Cf.</strong></span> <span class='ocrx_word' id='word_1_244' title='bbox 1170 1980 1246 2032; x_wconf 90' lang='lat' dir='ltr'><strong>Jer.</strong></span> <span class='ocrx_word' id='word_1_245' title='bbox 1267 1992 1329 2018; x_wconf 86' lang='lat' dir='ltr'><strong>xx.</strong></span> <span class='ocrx_word' id='word_1_246' title='bbox 1355 1992 1403 2018; x_wconf 94' lang='lat'><strong>10</strong></span> <span class='ocrx_word' id='word_1_247' title='bbox 1425 1983 1433 1999; x_wconf 92' lang='lat'><em>‘</em></span> <span class='ocrx_word' id='word_1_248' title='bbox 1450 1980 1514 2031; x_wconf 89' lang='lat' dir='ltr'><strong>qui</strong></span> <span class='ocrx_word' id='word_1_249' title='bbox 1543 1985 1652 2018; x_wconf 88' lang='lat' dir='ltr'><strong>erant</strong></span> <span class='ocrx_word' id='word_1_250' title='bbox 1680 1979 1829 2029; x_wconf 88' lang='lat' dir='ltr'><strong>pacifici</strong></span> <span class='ocrx_word' id='word_1_251' title='bbox 1855 1979 1943 2026; x_wconf 89' lang='lat' dir='ltr'><strong>mei,</strong></span> 
     </span>
     <span class='ocr_line' id='line_1_29' title="bbox 495 2045 1105 2085; baseline -0.003 0"><span class='ocrx_word' id='word_1_252' title='bbox 495 2054 531 2085; x_wconf 90' lang='lat' dir='ltr'><strong>et</strong></span> <span class='ocrx_word' id='word_1_253' title='bbox 552 2046 813 2085; x_wconf 86' lang='lat' dir='ltr'><strong>custodientes</strong></span> <span class='ocrx_word' id='word_1_254' title='bbox 833 2046 930 2084; x_wconf 89' lang='lat' dir='ltr'><strong>latus</strong></span> <span class='ocrx_word' id='word_1_255' title='bbox 950 2045 1105 2083; x_wconf 90' lang='lat' dir='ltr'><strong>meum.&#39;</strong></span> 
     </span>
    </p>

    <p class='ocr_par' dir='ltr' id='par_1_10' title="bbox 496 2108 1947 2215">
     <span class='ocr_line' id='line_1_30' title="bbox 603 2108 1947 2160; baseline -0.002 -11"><span class='ocrx_word' id='word_1_256' title='bbox 603 2111 627 2149; x_wconf 93' lang='lat' dir='ltr'><strong>l.</strong></span> <span class='ocrx_word' id='word_1_257' title='bbox 654 2124 711 2160; x_wconf 93' lang='lat'><strong>19.</strong></span> <span class='ocrx_word' id='word_1_258' title='bbox 741 2113 976 2150; x_wconf 77' lang='lat' dir='ltr'><strong>eonsilium</strong></span> <span class='ocrx_word' id='word_1_259' title='bbox 1012 2113 1223 2149; x_wconf 80' lang='lat' dir='ltr'><strong>inierunt.</strong></span> <span class='ocrx_word' id='word_1_260' title='bbox 1281 2109 1339 2148; x_wconf 88' lang='lat' dir='ltr'><strong>Cf.</strong></span> <span class='ocrx_word' id='word_1_261' title='bbox 1378 2109 1479 2148; x_wconf 88' lang='lat' dir='ltr'><strong>Dan.</strong></span> <span class='ocrx_word' id='word_1_262' title='bbox 1509 2110 1558 2148; x_wconf 83' lang='lat' dir='ltr'><strong>xi.</strong></span> <span class='ocrx_word' id='word_1_263' title='bbox 1589 2119 1638 2158; x_wconf 93' lang='lat'><strong>25</strong></span> <span class='ocrx_word' id='word_1_264' title='bbox 1671 2108 1842 2146; x_wconf 91' lang='lat' dir='ltr'><strong>‘inibunt</strong></span> <span class='ocrx_word' id='word_1_265' title='bbox 1880 2108 1947 2146; x_wconf 89' lang='lat' dir='ltr'><strong>ad—</strong></span> 
     </span>
     <span class='ocr_line' id='line_1_31' title="bbox 496 2175 938 2215; baseline -0.005 0"><span class='ocrx_word' id='word_1_266' title='bbox 496 2189 629 2215; x_wconf 89' lang='lat' dir='ltr'><strong>uersus</strong></span> <span class='ocrx_word' id='word_1_267' title='bbox 650 2189 739 2215; x_wconf 90' lang='lat' dir='ltr'><strong>eum</strong></span> <span class='ocrx_word' id='word_1_268' title='bbox 759 2175 938 2215; x_wconf 90' lang='lat' dir='ltr'><strong>consilia.&#39;</strong></span> 
     </span>
    </p>

    <p class='ocr_par' dir='ltr' id='par_1_11' title="bbox 498 2239 1950 2421">
     <span class='ocr_line' id='line_1_32' title="bbox 605 2239 1948 2288; baseline -0.001 -9"><span class='ocrx_word' id='word_1_269' title='bbox 605 2242 628 2279; x_wconf 88' lang='lat' dir='ltr'><strong>l.</strong></span> <span class='ocrx_word' id='word_1_270' title='bbox 651 2253 712 2279; x_wconf 89' lang='lat'><strong>20.</strong></span> <span class='ocrx_word' id='word_1_271' title='bbox 740 2243 1077 2288; x_wconf 74' lang='lat' dir='ltr'><strong>persequimini.</strong></span> <span class='ocrx_word' id='word_1_272' title='bbox 1151 2240 1211 2280; x_wconf 94' lang='lat' dir='ltr'><strong>Cf.</strong></span> <span class='ocrx_word' id='word_1_273' title='bbox 1249 2240 1350 2279; x_wconf 90' lang='lat' dir='ltr'><strong>Psal.</strong></span> <span class='ocrx_word' id='word_1_274' title='bbox 1387 2240 1466 2279; x_wconf 80' lang='lat' dir='ltr'><strong>lxx,</strong></span> <span class='ocrx_word' id='word_1_275' title='bbox 1509 2253 1552 2278; x_wconf 94' lang='lat'><strong>11</strong></span> <span class='ocrx_word' id='word_1_276' title='bbox 1595 2243 1605 2260; x_wconf 92' lang='lat'><em>‘</em></span> <span class='ocrx_word' id='word_1_277' title='bbox 1621 2239 1801 2286; x_wconf 88' lang='lat' dir='ltr'><strong>dicentes,</strong></span> <span class='ocrx_word' id='word_1_278' title='bbox 1838 2239 1948 2278; x_wconf 84' lang='lat' dir='ltr'><strong>Deus</strong></span> 
     </span>
     <span class='ocr_line' id='line_1_33' title="bbox 500 2305 1950 2358; baseline -0.001 -14"><span class='ocrx_word' id='word_1_279' title='bbox 500 2306 698 2356; x_wconf 89' lang='lat' dir='ltr'><strong>dereliquit</strong></span> <span class='ocrx_word' id='word_1_280' title='bbox 726 2319 827 2353; x_wconf 89' lang='lat' dir='ltr'><strong>eum,</strong></span> <span class='ocrx_word' id='word_1_281' title='bbox 848 2307 1120 2358; x_wconf 86' lang='lat' dir='ltr'><strong>persequimini</strong></span> <span class='ocrx_word' id='word_1_282' title='bbox 1146 2313 1184 2345; x_wconf 92' lang='lat' dir='ltr'><strong>et</strong></span> <span class='ocrx_word' id='word_1_283' title='bbox 1209 2306 1522 2356; x_wconf 88' lang='lat' dir='ltr'><strong>comprehendite</strong></span> <span class='ocrx_word' id='word_1_284' title='bbox 1551 2317 1641 2343; x_wconf 89' lang='lat' dir='ltr'><strong>eum</strong></span> <span class='ocrx_word' id='word_1_285' title='bbox 1668 2305 1759 2356; x_wconf 88' lang='lat' dir='ltr'><strong>quia</strong></span> <span class='ocrx_word' id='word_1_286' title='bbox 1785 2317 1865 2343; x_wconf 92' lang='lat' dir='ltr'><strong>non</strong></span> <span class='ocrx_word' id='word_1_287' title='bbox 1892 2313 1950 2343; x_wconf 87' lang='lat' dir='ltr'><strong>est</strong></span> 
     </span>
     <span class='ocr_line' id='line_1_34' title="bbox 498 2371 740 2421; baseline 0.004 -12"><span class='ocrx_word' id='word_1_288' title='bbox 498 2371 564 2421; x_wconf 91' lang='lat' dir='ltr'><strong>qui</strong></span> <span class='ocrx_word' id='word_1_289' title='bbox 583 2372 740 2421; x_wconf 87' lang='lat' dir='ltr'><strong>eripiat.’</strong></span> 
     </span>
    </p>

    <p class='ocr_par' dir='ltr' id='par_1_12' title="bbox 607 2430 1410 2485">
     <span class='ocr_line' id='line_1_35' title="bbox 607 2430 1410 2485; baseline -0.001 -11"><span class='ocrx_word' id='word_1_290' title='bbox 607 2436 630 2474; x_wconf 90' lang='lat'><strong>1.</strong></span> <span class='ocrx_word' id='word_1_291' title='bbox 655 2449 715 2474; x_wconf 89' lang='lat'><strong>22.</strong></span> <span class='ocrx_word' id='word_1_292' title='bbox 744 2438 859 2475; x_wconf 81' lang='lat' dir='ltr'><strong>filios</strong></span> <span class='ocrx_word' id='word_1_293' title='bbox 878 2438 1089 2485; x_wconf 76' lang='lat' dir='ltr'><strong>enutriuj,</strong></span> <span class='ocrx_word' id='word_1_294' title='bbox 1111 2439 1178 2474; x_wconf 71' lang='grc' dir='ltr'><strong>ἀς.</strong></span> <span class='ocrx_word' id='word_1_295' title='bbox 1235 2435 1309 2475; x_wconf 89' lang='lat' dir='ltr'><strong>Isa.</strong></span> <span class='ocrx_word' id='word_1_296' title='bbox 1331 2430 1355 2474; x_wconf 86' lang='lat' dir='ltr'><strong>i.</strong></span> <span class='ocrx_word' id='word_1_297' title='bbox 1378 2449 1410 2473; x_wconf 93' lang='lat'><strong>2.</strong></span> 
     </span>
    </p>

    <p class='ocr_par' dir='ltr' id='par_1_13' title="bbox 503 2500 1953 2812">
     <span class='ocr_line' id='line_1_36' title="bbox 609 2500 1950 2552; baseline 0 -14"><span class='ocrx_word' id='word_1_298' title='bbox 609 2501 631 2538; x_wconf 91' lang='lat'><strong>1.</strong></span> <span class='ocrx_word' id='word_1_299' title='bbox 656 2503 716 2540; x_wconf 92' lang='lat'><strong>26.</strong></span> <span class='ocrx_word' id='word_1_300' title='bbox 746 2504 927 2540; x_wconf 83' lang='lat' dir='ltr'><strong>diuinae</strong></span> <span class='ocrx_word' id='word_1_301' title='bbox 964 2505 1118 2548; x_wconf 80' lang='lat' dir='ltr'><strong>gratie.</strong></span> <span class='ocrx_word' id='word_1_302' title='bbox 1194 2501 1370 2552; x_wconf 90' lang='lat' dir='ltr'><strong>Possibly</strong></span> <span class='ocrx_word' id='word_1_303' title='bbox 1406 2501 1481 2539; x_wconf 91' lang='lat' dir='ltr'><strong>this</strong></span> <span class='ocrx_word' id='word_1_304' title='bbox 1518 2501 1635 2539; x_wconf 89' lang='lat' dir='ltr'><strong>refers</strong></span> <span class='ocrx_word' id='word_1_305' title='bbox 1664 2507 1706 2539; x_wconf 92' lang='lat' dir='ltr'><strong>to</strong></span> <span class='ocrx_word' id='word_1_306' title='bbox 1743 2500 1808 2538; x_wconf 90' lang='lat' dir='ltr'><strong>the</strong></span> <span class='ocrx_word' id='word_1_307' title='bbox 1846 2501 1950 2538; x_wconf 91' lang='lat' dir='ltr'><strong>coin-</strong></span> 
     </span>
     <span class='ocr_line' id='line_1_37' title="bbox 503 2564 1952 2617; baseline 0.001 -15"><span class='ocrx_word' id='word_1_308' title='bbox 503 2564 660 2603; x_wconf 89' lang='lat' dir='ltr'><strong>cidence</strong></span> <span class='ocrx_word' id='word_1_309' title='bbox 679 2567 853 2604; x_wconf 89' lang='lat' dir='ltr'><strong>between</strong></span> <span class='ocrx_word' id='word_1_310' title='bbox 881 2567 945 2605; x_wconf 91' lang='lat' dir='ltr'><strong>the</strong></span> <span class='ocrx_word' id='word_1_311' title='bbox 975 2574 1131 2617; x_wconf 87' lang='lat' dir='ltr'><strong>capture</strong></span> <span class='ocrx_word' id='word_1_312' title='bbox 1160 2566 1206 2605; x_wconf 93' lang='lat' dir='ltr'><strong>of</strong></span> <span class='ocrx_word' id='word_1_313' title='bbox 1229 2567 1293 2605; x_wconf 89' lang='lat' dir='ltr'><strong>the</strong></span> <span class='ocrx_word' id='word_1_314' title='bbox 1313 2566 1421 2617; x_wconf 88' lang='lat' dir='ltr'><strong>King</strong></span> <span class='ocrx_word' id='word_1_315' title='bbox 1440 2567 1483 2605; x_wconf 84' lang='lat' dir='ltr'><strong>of</strong></span> <span class='ocrx_word' id='word_1_316' title='bbox 1510 2566 1693 2604; x_wconf 91' lang='lat' dir='ltr'><strong>Scotland</strong></span> <span class='ocrx_word' id='word_1_317' title='bbox 1721 2572 1758 2603; x_wconf 91' lang='lat' dir='ltr'><strong>at</strong></span> <span class='ocrx_word' id='word_1_318' title='bbox 1777 2565 1952 2604; x_wconf 90' lang='lat' dir='ltr'><strong>Alnwick</strong></span> 
     </span>
     <span class='ocr_line' id='line_1_38' title="bbox 503 2629 1952 2682; baseline 0.001 -16"><span class='ocrx_word' id='word_1_319' title='bbox 503 2629 592 2680; x_wconf 89' lang='lat' dir='ltr'><strong>July</strong></span> <span class='ocrx_word' id='word_1_320' title='bbox 616 2642 674 2677; x_wconf 86' lang='lat'><strong>12,</strong></span> <span class='ocrx_word' id='word_1_321' title='bbox 693 2640 806 2680; x_wconf 87' lang='lat'>1174,</span> <span class='ocrx_word' id='word_1_322' title='bbox 822 2632 897 2669; x_wconf 88' lang='lat' dir='ltr'><strong>and</strong></span> <span class='ocrx_word' id='word_1_323' title='bbox 910 2632 973 2669; x_wconf 90' lang='lat' dir='ltr'><strong>the</strong></span> <span class='ocrx_word' id='word_1_324' title='bbox 993 2632 1068 2682; x_wconf 88' lang='lat' dir='ltr'><strong>day</strong></span> <span class='ocrx_word' id='word_1_325' title='bbox 1087 2645 1139 2670; x_wconf 89' lang='lat' dir='ltr'><strong>on</strong></span> <span class='ocrx_word' id='word_1_326' title='bbox 1159 2632 1282 2670; x_wconf 90' lang='lat' dir='ltr'><strong>which</strong></span> <span class='ocrx_word' id='word_1_327' title='bbox 1303 2632 1442 2682; x_wconf 89' lang='lat' dir='ltr'><strong>Henry</strong></span> <span class='ocrx_word' id='word_1_328' title='bbox 1462 2632 1679 2681; x_wconf 91' lang='lat' dir='ltr'><strong>eompleted</strong></span> <span class='ocrx_word' id='word_1_329' title='bbox 1699 2631 1758 2669; x_wconf 91' lang='lat' dir='ltr'><strong>his</strong></span> <span class='ocrx_word' id='word_1_330' title='bbox 1778 2643 1952 2681; x_wconf 85' lang='lat' dir='ltr'><strong>penance</strong></span> 
     </span>
     <span class='ocr_line' id='line_1_39' title="bbox 504 2693 1953 2747; baseline 0.002 -17"><span class='ocrx_word' id='word_1_331' title='bbox 504 2700 542 2731; x_wconf 90' lang='lat' dir='ltr'><strong>at</strong></span> <span class='ocrx_word' id='word_1_332' title='bbox 561 2693 623 2730; x_wconf 85' lang='lat' dir='ltr'><strong>the</strong></span> <span class='ocrx_word' id='word_1_333' title='bbox 642 2697 750 2732; x_wconf 86' lang='lat' dir='ltr'><strong>tomb</strong></span> <span class='ocrx_word' id='word_1_334' title='bbox 770 2695 813 2733; x_wconf 87' lang='lat' dir='ltr'><strong>of</strong></span> <span class='ocrx_word' id='word_1_335' title='bbox 833 2695 988 2735; x_wconf 89' lang='lat' dir='ltr'><strong>Becket.</strong></span> <span class='ocrx_word' id='word_1_336' title='bbox 1047 2697 1086 2735; x_wconf 87' lang='lat' dir='ltr'><strong>If</strong></span> <span class='ocrx_word' id='word_1_337' title='bbox 1104 2710 1150 2736; x_wconf 91' lang='lat' dir='ltr'><strong>so</strong></span> <span class='ocrx_word' id='word_1_338' title='bbox 1173 2697 1246 2735; x_wconf 92' lang='lat' dir='ltr'><strong>this</strong></span> <span class='ocrx_word' id='word_1_339' title='bbox 1266 2698 1298 2735; x_wconf 89' lang='lat' dir='ltr'><strong>is</strong></span> <span class='ocrx_word' id='word_1_340' title='bbox 1318 2696 1381 2735; x_wconf 89' lang='lat' dir='ltr'><strong>the</strong></span> <span class='ocrx_word' id='word_1_341' title='bbox 1401 2696 1492 2747; x_wconf 90' lang='lat' dir='ltr'><strong>only</strong></span> <span class='ocrx_word' id='word_1_342' title='bbox 1511 2697 1672 2735; x_wconf 85' lang='lat' dir='ltr'><strong>allusion</strong></span> <span class='ocrx_word' id='word_1_343' title='bbox 1702 2703 1741 2735; x_wconf 92' lang='lat' dir='ltr'><strong>to</strong></span> <span class='ocrx_word' id='word_1_344' title='bbox 1766 2695 1830 2734; x_wconf 87' lang='lat' dir='ltr'><strong>the</strong></span> <span class='ocrx_word' id='word_1_345' title='bbox 1849 2702 1953 2744; x_wconf 89' lang='lat' dir='ltr'><strong>story</strong></span> 
     </span>
     <span class='ocr_line' id='line_1_40' title="bbox 504 2757 1066 2812; baseline 0.009 -17"><span class='ocrx_word' id='word_1_346' title='bbox 504 2757 549 2796; x_wconf 86' lang='lat' dir='ltr'><strong>of</strong></span> <span class='ocrx_word' id='word_1_347' title='bbox 563 2757 706 2796; x_wconf 90' lang='lat' dir='ltr'><strong>Becket</strong></span> <span class='ocrx_word' id='word_1_348' title='bbox 726 2760 765 2797; x_wconf 89' lang='lat' dir='ltr'><strong>in</strong></span> <span class='ocrx_word' id='word_1_349' title='bbox 785 2760 847 2798; x_wconf 90' lang='lat' dir='ltr'><strong>the</strong></span> <span class='ocrx_word' id='word_1_350' title='bbox 867 2761 1066 2812; x_wconf 76' lang='lat' dir='ltr'><strong>Dialogus.</strong></span> 
     </span>
    </p>
   </div>
   <div class='ocr_carea' id='block_1_3' title="bbox 614 2823 1952 2878">
    <p class='ocr_par' dir='ltr' id='par_1_14' title="bbox 614 2823 1952 2878">
     <span class='ocr_line' id='line_1_41' title="bbox 614 2823 1952 2878; baseline 0.003 -19"><span class='ocrx_word' id='word_1_351' title='bbox 614 2823 636 2860; x_wconf 94' lang='lat' dir='ltr'><strong>l.</strong></span> <span class='ocrx_word' id='word_1_352' title='bbox 661 2825 720 2861; x_wconf 90' lang='lat'><strong>28.</strong></span> <span class='ocrx_word' id='word_1_353' title='bbox 748 2827 1229 2878; x_wconf 76' lang='lat' dir='ltr'><strong>optinuitzconquered.</strong></span> <span class='ocrx_word' id='word_1_354' title='bbox 1285 2827 1343 2866; x_wconf 84' lang='lat' dir='ltr'><strong>Cf.</strong></span> <span class='ocrx_word' id='word_1_355' title='bbox 1365 2840 1387 2877; x_wconf 84' lang='lat'><strong>3</strong></span> <span class='ocrx_word' id='word_1_356' title='bbox 1414 2826 1512 2877; x_wconf 83' lang='lat' dir='ltr'><strong>Reg.</strong></span> <span class='ocrx_word' id='word_1_357' title='bbox 1542 2839 1606 2865; x_wconf 84' lang='lat' dir='ltr'><strong>xx.</strong></span> <span class='ocrx_word' id='word_1_358' title='bbox 1636 2836 1683 2877; x_wconf 89' lang='lat'><strong>25</strong></span> <span class='ocrx_word' id='word_1_359' title='bbox 1713 2825 1784 2864; x_wconf 90' lang='lat' dir='ltr'><strong>‘Et</strong></span> <span class='ocrx_word' id='word_1_360' title='bbox 1809 2824 1952 2864; x_wconf 89' lang='lat' dir='ltr'><strong>videbis</strong></span> 
     </span>
    </p>
   </div>
  </div>
 </body>
</html>
