2912 4368
295 1049 329 1082 11
353 1036 513 1096 mon]
777 1039 863 1080 DE
897 1038 1254 1082 SCACCARIO
1664 1052 1680 1080 1
1693 1052 1709 1080 1
1724 1051 1741 1080 1

353 1153 526 1194 XVIII.
560 1151 759 1205 Qualiter
780 1153 843 1194 vir
869 1168 947 1206 pro
969 1167 1105 1194 vxore
1129 1152 1197 1194 vel
1226 1166 1336 1194 vxor
1365 1166 1443 1206 pro
1468 1152 1559 1193 viro
1588 1166 1747 1193 conue-

294 1222 452 1262 nienda
475 1228 540 1262 est
563 1235 660 1261 cum
684 1221 754 1261 ille
776 1221 843 1262 vel
868 1222 941 1262 illa
964 1223 1173 1263 soluendo
1197 1235 1282 1263 non
1308 1229 1386 1262 est.

352 1291 479 1330 XIX.
515 1289 646 1343 Quod
684 1304 769 1331 non
809 1291 864 1332 sit
906 1291 1021 1331 idem
1064 1291 1217 1331 modus
1259 1290 1493 1331 coercionis
1533 1290 1746 1330 baronum

294 1359 403 1410 regis
426 1365 468 1399 et
491 1359 675 1399 aliorum
699 1360 739 1399 in
764 1360 884 1412 penis
907 1360 1174 1413 pecuniariis.

352 1428 451 1469 XX.
486 1427 604 1480 Quid
641 1429 884 1469 faciendum
927 1442 1024 1469 cum
1067 1442 1302 1470 economus
1343 1428 1415 1481 qui
1458 1427 1589 1468 fidem
1624 1427 1747 1468 dedit
1769 1445 1785 1478 5

294 1497 347 1538 de
369 1497 672 1538 satisfaciendo
696 1511 782 1537 non
806 1504 1040 1551 comparet.

351 1565 478 1605 XXI.
513 1565 631 1618 Quid
673 1580 771 1606 cum
812 1566 989 1607 veniens
1034 1579 1119 1606 non
1162 1566 1382 1613 satisfacit,
1425 1565 1459 1605 si
1507 1565 1629 1605 miles
1672 1571 1747 1605 cst.

293 1634 424 1688 Quid,
448 1635 481 1674 si
505 1649 591 1674 non
615 1635 747 1676 miles.

351 1704 506 1744 XXII.
541 1704 740 1757 Qualiter
767 1705 858 1757 ipse
890 1705 1094 1745 dominus
1127 1704 1371 1756 puniendus
1400 1710 1464 1744 cst
1494 1703 1566 1756 qui
1591 1708 1748 1756 sponte

293 1774 475 1813 militem
500 1774 704 1826 exposuit
726 1781 771 1814 vt
794 1774 930 1826 possit
955 1775 1125 1814 interim
1150 1773 1332 1814 liberari.
1774 1788 1810 1810 10

352 1842 528 1881 XXIII.
563 1841 681 1894 Quid
718 1843 772 1882 de
801 1848 957 1895 sponte
994 1842 1273 1883 offerentibus
1298 1842 1541 1883 faciendum
1574 1854 1673 1881 cum
1707 1847 1750 1880 et

293 1909 372 1962 ipsi
399 1925 482 1950 non
504 1911 692 1951 soluunt.

352 1980 523 2020 XXIV.
557 1979 674 2032 Quid
698 1981 752 2020 de
775 1979 943 2020 releuiis
966 1986 1122 2032 sponte
1145 1994 1232 2020 non
1256 1979 1422 2020 solutis.

352 2049 499 2089 XXV.
534 2048 650 2100 Quid
672 2049 726 2089 de
748 2048 900 2089 auibus
923 2048 1083 2089 oblatis
1105 2048 1352 2089 faciendum
1376 2054 1418 2089 et
1440 2060 1528 2101 quo
1550 2053 1747 2100 tempore

292 2118 624 2157 summonendc.
1770 2132 1807 2164 15

351 2186 521 2225 XXVI.
557 2186 626 2226 De
648 2200 752 2227 auro
774 2186 933 2239 regine.

349 2254 546 2294 XXVII.
580 2254 711 2307 Quod
740 2255 864 2296 aliter
895 2256 950 2295 de
976 2254 1108 2295 firmis
1139 2261 1271 2307 atque
1300 2253 1425 2294 aliter
1457 2253 1511 2294 de
1540 2253 1749 2294 custodiis

290 2324 644 2375 respondendum
667 2330 709 2364 et
732 2324 814 2364 sub
837 2323 919 2365 alio
941 2330 1091 2365 tenore
1114 2323 1222 2364 fides
1245 2324 1406 2363 danda.

349 2393 570 2434 XXVIII.
605 2392 737 2446 Quod
762 2392 868 2433 fides
884 2393 1152 2434 vicecomitis
1173 2392 1306 2433 semel
1330 2393 1433 2433 data
1457 2392 1510 2433 de
1532 2391 1748 2445 legittimo

290 2468 498 2515 compoto
522 2461 711 2503 sufficiat
734 2476 809 2515 per
830 2462 1095 2503 vniuersum.
1772 2476 1810 2497 20

788 2575 945 2628 Incipit
969 2574 1077 2615 liber
1099 2571 1347 2629 secundus]

382 2667 496 2708 UDI
526 2680 593 2707 me
625 2666 756 2706 frater
781 2671 824 2706 et
853 2666 1029 2706 auribus
1055 2665 1260 2705 audiendi
1288 2665 1460 2718 percipe
1486 2678 1571 2716 que
1595 2662 1749 2717 loquar

430 2736 523 2777 tibi.
601 2735 702 2775 Non
744 2735 958 2787 penitebit
993 2741 1037 2774 te
1075 2735 1295 2774 modicum
1337 2741 1512 2787 tempus
1550 2740 1748 2785 ereptum

291 2804 388 2844 otiis
412 2804 659 2855 impendere
676 2803 785 2843 velle
807 2803 1004 2854 negotiis.
1058 2802 1172 2843 Sunt
1194 2803 1307 2843 enim
1332 2816 1417 2843 non
1439 2802 1544 2842 nulli
1567 2802 1640 2854 qui
1665 2816 1748 2842 non

292 2873 550 2912 erubescunt
580 2872 722 2912 dicere
754 2872 795 2911 in
827 2872 1030 2912 cordibus
1062 2872 1150 2911 suis
1183 2871 1282 2923 ‘qui
1315 2872 1498 2923 apponit
1524 2871 1747 2911 scientiam
1769 2886 1808 2916 ²5

292 2942 472 2994 apponit
490 2947 532 2980 et
550 2938 775 2980 dolorem.'
837 2940 934 2979 Hiis
952 2953 1134 2980 onerosa
1153 2946 1219 2979 est
1240 2940 1438 2980 doctrina
1455 2945 1496 2979 ct
1515 2939 1747 2979 iocundum

292 3010 515 3061 desipere:
550 3015 727 3061 propter
757 3008 839 3049 hoc
868 3008 923 3048 ab
951 3008 1033 3047 hiis
1064 3008 1190 3060 longe
1220 3007 1335 3048 facta
1364 3015 1427 3048 cst
1457 3008 1625 3055 veritas,
1649 3008 1750 3060 quia

293 3084 536 3118 metuentes
555 3078 789 3117 iocundum
812 3076 1037 3129 discipline
1055 3076 1250 3117 laborem
1273 3077 1466 3117 incidunt
1486 3077 1527 3116 In
1547 3090 1747 3117 errorem.

293 3147 424 3187 Fiunt
453 3147 582 3199 igitur
613 3146 701 3187 ceci
736 3146 880 3195 corde,
910 3146 1167 3198 viarumque
1201 3145 1391 3197 pericula
1429 3158 1514 3184 non
1546 3145 1747 3186 videntes

291 3216 435 3269 pronis
468 3215 685 3267 gressibus
723 3215 764 3253 in
798 3214 1074 3267 precipitium
1112 3221 1254 3254 ruunt.
1316 3214 1481 3253 Verum
1513 3220 1567 3263 te,
1604 3214 1746 3264 frater,
1767 3228 1808 3259 30

292 3285 433 3324 nuilus
456 3285 548 3323 dies
575 3284 763 3324 otiosum
791 3283 985 3323 inueniat
1008 3297 1060 3323 ne
1085 3289 1127 3323 te
1154 3283 1263 3322 forte
1293 3289 1521 3322 vacantem
1548 3284 1746 3334 pessimis

291 3354 535 3405 quibusque
569 3353 753 3393 subiciat
786 3352 959 3404 pronior
996 3352 1038 3391 in
1072 3351 1234 3391 malum
1267 3350 1528 3391 infirmitatis
1560 3352 1747 3393 humane

291 3422 497 3461 conditio.
561 3420 690 3473 Quod
730 3421 764 3461 si
809 3420 917 3461 forte
955 3421 1031 3460 tibi
1072 3420 1189 3461 nulla
1229 3427 1343 3470 sunt,
1381 3419 1565 3461 honesta
1599 3427 1747 3463 tamen

292 3488 406 3540 finge
438 3490 619 3541 negotia,
649 3496 694 3528 vt
723 3502 894 3542 semper
921 3488 1185 3529 exercitatus
1214 3488 1383 3528 animus
1413 3488 1659 3542 expeditior
1689 3490 1746 3531 sit

341 3610 359 3643 3
388 3599 481 3643 regis
500 3600 677 3634 baronum
696 3601 791 3644 regis
811 3602 846 3634 R
976 3610 1016 3634 10
1043 3606 1080 3633 vt
1100 3599 1215 3643 possit
1236 3611 1303 3633 om.
1324 3600 1357 3633 R
1484 3610 1523 3643 13
1551 3601 1686 3636 releuio
1704 3603 1750 3636 N

294 3648 412 3681 soluto
430 3647 475 3679 N
539 3656 578 3688 14
598 3647 729 3681 ablatis
748 3649 794 3680 N
866 3656 903 3689 17
926 3646 1050 3690 Quod]
1073 3647 1168 3690 Quid
1190 3648 1223 3680 R
1287 3645 1411 3692 atque]
1430 3653 1464 3681 et
1488 3649 1518 3681 C
1582 3658 1623 3692 19
1641 3649 1741 3684 vice-

292 3694 436 3728 comitis
456 3705 522 3728 om.
543 3694 573 3729 C
667 3703 707 3737 27
735 3694 902 3740 decipere
922 3695 965 3728 N
1046 3703 1085 3737 31
1116 3692 1175 3737 ne]
1197 3705 1264 3728 nec
1282 3694 1327 3728 N
1409 3702 1604 3730 vocantem
1622 3697 1699 3730 NR
