2022 3281
434 184 519 229 134
921 172 1006 214 DE
1040 169 1399 213 SCACCARIO
1717 169 1774 229 [11
1796 186 1827 212 x
1849 181 1878 213 C

433 287 737 341 procuratione
757 286 991 328 liberorum
1017 284 1130 325 illius
1154 282 1239 324 hoc
1264 296 1342 337 per
1362 284 1494 326 breue
1521 285 1632 338 regis
1647 283 1656 299 ’
1679 286 1797 339 quod
1818 285 1878 326 ibi

434 356 490 397 ad
511 356 771 397 scaccarium
795 369 872 409 per
892 352 1249 396 consuetudinem
1270 352 1357 394 fiet.
1417 354 1428 373 ‘
1446 353 1506 395 Et
1526 353 1660 396 debet
1680 354 1763 396 hoc
1779 353 1788 368 ²
1810 354 1880 395 vel

434 429 443 447 ‘
462 425 522 466 Et
553 424 726 477 quietus
754 422 843 465 est.'
905 422 1038 475 Quod
1068 421 1103 462 si
1132 421 1272 462 minor
1299 426 1363 461 est
1391 422 1604 474 possessio
1631 422 1722 472 hec,
1747 429 1794 464 vt
1822 423 1880 464 sit

433 492 594 534 fundus
621 505 730 533 vnus
757 491 824 531 vel
853 491 940 531 duo
967 488 1036 530 vel
1057 495 1155 539 tres,
1176 489 1236 531 sic
1262 488 1438 530 dicetur.
1493 489 1598 531 ‘Ille
1618 491 1880 540 vicecomes,’

396 579 415 612 5
433 561 502 602 vel
524 561 622 602 ‘ille
645 558 710 602 N!
733 559 802 599 cui
825 559 935 600 forte
959 571 1038 599 rex
1060 558 1254 599 eiusdem
1282 557 1343 598 rei
1369 558 1610 600 custodiam
1639 559 1879 612 deputanit,

435 632 444 650 ‘
460 629 603 670 reddit
624 633 879 680 compotum
904 627 960 667 de
985 626 1110 667 firma
1130 633 1243 667 terre
1267 625 1381 667 illius
1402 626 1459 668 N.
1479 639 1564 680 que
1589 626 1667 668 fuit
1688 627 1800 669 illius
1825 627 1880 668 N.

432 710 566 751 quam
593 710 671 737 rex
695 695 829 737 habet
858 695 901 736 in
930 708 1061 736 manu
1090 693 1192 736 sua'
1214 694 1283 736 vel
1310 698 1322 715 ‘
1339 709 1424 748 que
1451 701 1517 737 est
1544 694 1588 736 in
1617 708 1747 737 manu
1769 696 1881 748 regis

431 779 532 807 cum
573 764 744 806 herede.
803 764 855 804 In
890 763 1093 806 thesauro
1127 763 1239 804 hoc:
1276 763 1336 804 Et
1371 764 1505 805 debet
1544 763 1653 804 hoc'
1692 764 1762 804 vel
1795 764 1882 805 ‘Et

433 834 605 886 quietus
627 832 717 874 est!
777 831 979 874 Attende
1000 838 1195 886 preterea
1219 832 1337 885 quod
1360 832 1500 873 honor
1527 830 1598 873 ille
1621 831 1690 873 vel
1711 831 1882 881 fundus,

375 924 416 947 10
434 903 540 943 dum
570 901 613 942 in
644 914 777 943 manu
809 901 918 955 regis
949 914 1048 943 cum
1090 901 1250 942 herede
1289 900 1430 952 fuerit,
1460 914 1609 942 omnes
1648 899 1884 943 elemosine

383 982 416 1015 D
435 977 479 1012 et
500 970 776 1012 liberationes
798 969 1085 1025 indigentium
1103 984 1129 1011 a
1145 969 1356 1023 prioribus
1377 969 1566 1013 dominis
1581 969 1675 1010 solo
1691 969 1884 1011 caritatis

434 1039 594 1081 intuitu
635 1040 886 1090 constitute,
917 1039 1014 1090 hiis,
1049 1039 1205 1093 quibus
1240 1039 1465 1089 debentur,
1501 1051 1599 1079 cum
1636 1038 1884 1092 integritate

433 1108 663 1150 soluuntur
683 1114 728 1150 et
752 1108 809 1149 ad
835 1108 1099 1150 scaccarium
1127 1108 1298 1149 custodi
1323 1097 1645 1160 computantur.
1704 1107 1884 1148 Libera—

435 1177 575 1218 tiones
617 1190 719 1218 vero
759 1177 1054 1229 seruientium,
1095 1177 1170 1230 qui
1210 1177 1398 1219 dominis
1437 1176 1526 1218 suis
1566 1176 1622 1217 ad
1664 1175 1885 1230 explenda

376 1262 416 1295 15
435 1246 629 1299 quelibet
658 1246 867 1299 obsequia
899 1245 1125 1287 necessarii
1155 1245 1234 1286 visi
1264 1251 1377 1295 sunt,
1397 1251 1441 1286 et
1470 1245 1527 1287 ob
1557 1244 1641 1286 hoc
1672 1245 1883 1286 constitu-

435 1321 578 1363 untur,
609 1315 714 1355 dum
750 1327 829 1355 rex
859 1314 1065 1368 possidet,
1095 1313 1384 1355 voluntariam
1415 1313 1579 1356 habent
1607 1313 1883 1355 solutionem.

435 1382 549 1424 Cum
589 1388 737 1425 autem
777 1383 820 1424 in
860 1396 991 1424 manu
1031 1382 1201 1424 heredis
1242 1381 1449 1424 deuoluta
1487 1382 1614 1425 fuerit
1653 1382 1884 1433 hereditas,

434 1457 610 1505 oportet
632 1464 731 1493 eum
752 1451 886 1504 patris
907 1451 1100 1492 inherere
1119 1450 1323 1504 vestigiis,
1346 1456 1393 1491 vt
1413 1451 1579 1492 scilicet
1600 1452 1885 1505 quoadusque

433 1520 624 1560 vixerint
658 1519 716 1559 hii
747 1520 904 1573 quibus
941 1519 1021 1561 hec
1051 1533 1077 1560 a
1106 1525 1232 1572 patre
1269 1533 1348 1560 suo
1378 1519 1615 1561 constituta
1648 1526 1761 1570 sunt,
1793 1521 1884 1561 vita

375 1604 417 1628 20
436 1587 595 1629 comite
617 1587 892 1641 percipienda
918 1587 999 1628 illis
1028 1587 1261 1629 satisfaciat
1282 1601 1291 1639 ;
1323 1594 1368 1628 et
1389 1595 1489 1641 post
1513 1588 1605 1641 hec,
1626 1589 1662 1630 si
1687 1587 1883 1638 voluerit,

435 1670 586 1698 eorum
607 1662 754 1697 vtatur
774 1656 843 1698 vel
866 1669 954 1697 non
973 1662 1121 1697 Vtatur
1142 1656 1372 1710 obsequiis.

492 1724 749 1777 Disczfflclus.
811 1724 989 1775 Dixisti,
1021 1725 1056 1765 si
1099 1725 1210 1766 bene
1243 1726 1435 1774 memini,
1471 1726 1589 1780 quod
1624 1726 1660 1767 si
1699 1726 1885 1780 quilibet

434 1793 489 1834 de
510 1806 611 1847 rege
632 1799 787 1835 tenens
813 1793 857 1834 in
886 1793 1029 1848 capite
1052 1794 1266 1835 decedens
1295 1795 1504 1836 minorem
1530 1795 1653 1837 annis
1680 1795 1883 1836 heredem

435 1862 667 1915 reliquerit,
688 1862 869 1903 tandem
898 1862 1014 1903 idem
1043 1862 1232 1913 relictus,
1253 1869 1353 1916 post
1381 1863 1596 1919 legittime
1623 1864 1751 1905 etatis
1771 1870 1884 1905 tem-

376 1946 414 1978 25
436 1945 554 1985 pora,
587 1931 767 1984 quidam
797 1931 943 1984 gratis,
975 1931 1155 1985 quidam
1186 1932 1400 1985 promissa
1434 1933 1629 1986 pecunia,
1660 1933 1779 1986 quod
1805 1932 1885 1973 sibi

436 2000 620 2041 debetur
641 2011 667 2040 a
688 2012 790 2054 rege
807 2000 988 2054 suscipit
1006 2014 1015 2039 :
1047 2000 1166 2053 quod
1182 2007 1330 2042 autem
1347 2001 1409 2041 sic
1425 2001 1608 2043 soluitur
1622 2003 1633 2021 ‘
1650 2001 1859 2043 releuium
1873 1999 1883 2014 '

435 2067 555 2110 dicis.
617 2067 703 2110 Dic
735 2081 839 2121 ergo
872 2068 908 2109 si
950 2068 1182 2110 cuiuslibet
1226 2068 1362 2120 fundi,
1399 2070 1472 2123 qui
1507 2071 1563 2112 de
1604 2083 1705 2123 rege
1740 2076 1807 2111 est
1841 2070 1885 2110 in

436 2137 589 2190 capite,
632 2136 839 2178 releuium
881 2137 963 2179 sub
1002 2137 1216 2179 consimili
1246 2151 1418 2180 summa
1456 2138 1615 2180 debeat
1654 2139 1785 2192 exigi,
1816 2138 1886 2180 vel

435 2206 470 2247 si
492 2206 573 2247 sub
594 2205 793 2247 dissimili
815 2219 950 2259 quare
970 2207 1045 2248 sic.

377 2292 418 2324 30
492 2274 726 2327 Magister.
780 2274 831 2316 In
853 2275 1074 2328 propriam
1094 2280 1140 2317 te
1159 2274 1310 2316 videor
1329 2288 1519 2317 armasse
1539 2275 1769 2330 perniciem
1787 2290 1798 2327 ;
1828 2289 1886 2317 ex

436 2344 642 2397 predictis
664 2344 779 2386 enim
801 2344 886 2386 alia
902 2345 1119 2386 coniciens
1135 2345 1312 2386 armatis
1334 2358 1404 2386 me
1418 2358 1554 2386 vexas
1570 2343 1884 2398 questionibus

436 2413 625 2453 Noueris
646 2418 795 2454 autem
821 2415 940 2467 quod
967 2414 1227 2455 releuiorum
1255 2427 1341 2467 que
1369 2414 1458 2467 regi
1487 2413 1711 2465 debentur,
1731 2426 1884 2455 secun-

438 2481 544 2522 dum
571 2482 803 2524 dissimiles
831 2482 1150 2536 possidentium
1171 2488 1322 2533 status,
1343 2481 1560 2524 dissimilis
1586 2495 1759 2523 summa
1783 2495 1886 2523 con-

438 2548 587 2601 surgit.
650 2549 845 2604 Quidam
881 2551 998 2593 enim
1034 2552 1091 2593 de
1129 2564 1229 2605 rege
1263 2556 1416 2593 tenent
1455 2551 1498 2591 in
1534 2551 1677 2604 capite
1708 2564 1795 2604 que
1828 2551 1883 2592 ad

379 2616 422 2682 ἓξ]
439 2629 644 2660 coronam
675 2620 906 2673 pertinent,
937 2621 1141 2662 baronias
1169 2619 1332 2661 scilicet
1362 2619 1545 2661 maiores
1575 2633 1651 2661 seu
1683 2620 1886 2661 minores.

441 2682 490 2725 Si
521 2698 624 2738 ergo
653 2694 777 2739 pater
807 2703 1029 2743 possessor
1058 2687 1307 2730 huiusmodi
1339 2694 1535 2729 mortuus
1561 2687 1703 2739 fuerit,
1732 2688 1884 2730 relicto

486 2794 508 2827 4
534 2784 622 2830 tres]
641 2786 726 2821 iiii01'
744 2789 775 2824 C
893 2799 934 2834 13
960 2796 996 2825 et
1014 2801 1082 2824 om.
1101 2791 1136 2825 R
1246 2798 1291 2824 20
1315 2787 1520 2824 satisfacias
1537 2790 1572 2824 R
1666 2798 1707 2825 21
1735 2790 1793 2825 vel
1810 2800 1885 2824 non

439 2837 563 2866 vtatur
579 2843 645 2867 om.
662 2834 709 2868 N
807 2845 847 2880 31
876 2836 1039 2873 conicies
1055 2837 1103 2872 N
