2022 3281
382 174 463 213 142
867 160 955 202 DE
987 157 1348 201 SCACCARIO
1699 156 1757 215 [11
1779 158 1827 199 xi

379 275 618 325 soluuntur,
639 274 835 329 sequitur
863 279 1091 326 compotus
1112 272 1169 313 de
1193 271 1363 325 placitis
1391 277 1435 313 et
1456 272 1829 321 conuentionibus,

380 343 424 383 in
456 357 543 396 quo
571 344 759 396 primum
791 349 890 396 post
915 341 1136 382 modicum
1168 340 1445 381 interuallum
1476 341 1519 381 in
1550 341 1695 382 medio
1716 341 1829 382 linee

335 459 360 467 ..
383 412 629 465 prenotatio
651 411 713 460 fit,
735 422 917 464 quorum
939 408 1105 449 scilicet
1127 408 1321 448 iudicum
1342 408 1422 449 hec
1443 408 1540 449 sint.

300 469 363 542 ΚΞ
442 480 606 520 Placita
626 486 774 520 autern
795 478 979 518 dicimus
997 490 1132 530 penas
1153 477 1422 529 pecuniarias
1444 477 1487 517 in
1504 491 1611 530 quas
1632 476 1830 518 incidunt

343 565 360 596 5
381 548 693 601 delinquentes,
724 546 1038 587 conuentiones
1078 559 1181 586 vero
1217 545 1367 586 oblata
1397 552 1652 599 spontanea.
1714 546 1827 587 Cum

379 630 483 670 ergo
509 616 565 656 de
585 615 665 656 hiis
691 614 826 655 instat
852 613 1039 666 exactio,
1059 619 1163 654 tunc
1192 614 1381 666 primum
1407 613 1561 655 clerico
1589 612 1830 654 cancellarii

378 684 566 725 traditur
596 682 890 732 summonitio,
922 682 996 735 qui
1035 682 1228 723 seriatim
1261 684 1316 723 de
1346 681 1526 736 singulis
1561 688 1686 735 Vrget
1715 682 1829 723 vice-

378 753 595 802 comitem,
617 752 766 792 dicens
788 753 796 770 ‘
817 751 975 792 Redde
996 751 1052 792 de
1074 750 1147 792 illo
1168 765 1211 793 Χ.
1232 765 1312 805 pro
1333 751 1415 792 hac
1437 764 1568 792 causa
1583 750 1592 766 ’
1614 764 1624 801 3
1653 752 1773 804 quod
1794 750 1830 791 si

377 823 420 862 in
434 822 639 862 thesauro
656 820 834 862 soluerit
851 821 968 874 quod
987 821 1226 874 requiritur,
1241 821 1302 861 sic
1311 821 1523 862 scribetur
1538 821 1580 861 in
1595 820 1738 862 annali
1755 822 1830 862 ‘N.

320 903 359 925 10
379 892 520 932 reddit
551 895 809 944 compotum
832 890 888 930 de
918 904 962 930 Χ.
984 889 1105 931 libris
1128 903 1208 944 pro
1238 889 1321 930 hac
1352 889 1510 930 causa'
1532 896 1576 931 et
1604 903 1662 930 ex
1683 890 1834 930 ordine

377 965 472 999 tota
494 959 717 1012 redigatur
738 959 782 998 in
810 958 1020 1012 scriptum
1043 961 1051 977 ‘
1070 958 1122 999 In
1144 958 1349 1000 thesauro
1371 958 1575 1000 liberauit
1596 965 1640 999 et
1661 957 1834 1011 quietus

379 1026 471 1068 est.'
526 1027 573 1069 Si
599 1041 702 1068 vero
724 1041 801 1080 per
822 1026 954 1067 breue
974 1027 1088 1080 regis
1113 1027 1286 1081 quietus
1307 1034 1384 1076 est,
1414 1033 1476 1078 vt,
1497 1027 1609 1068 sicut
1631 1026 1834 1075 diximus,

377 1110 582 1137 numerus
623 1096 896 1150 exprimatur
936 1095 979 1136 in
1020 1096 1155 1146 breui,
1195 1096 1366 1137 dicetur
1397 1099 1407 1116 ‘
1424 1096 1480 1136 N.
1532 1095 1674 1137 reddit
1715 1108 1833 1135 com-

378 1172 533 1219 potum
555 1165 611 1206 de
631 1179 677 1205 Χ.
700 1164 819 1205 libris
838 1163 846 1177 ’
864 1171 908 1205 et
930 1164 1066 1205 addat
1088 1177 1264 1205 causam
1284 1180 1292 1205 ε
1323 1164 1483 1205 deinde
1503 1163 1636 1218 paulo
1657 1163 1835 1204 inferius

321 1244 359 1275 15
381 1235 422 1274 in
454 1234 548 1287 ipsa
577 1232 694 1274 linea
725 1235 734 1253 ‘
752 1233 803 1273 In
825 1232 1029 1285 perdonis
1056 1247 1133 1286 per
1161 1234 1296 1274 breue
1318 1233 1428 1286 regis
1456 1233 1538 1285 ipsi
1561 1233 1617 1273 N.
1638 1246 1680 1273 X.
1712 1231 1834 1272 libre.

381 1303 441 1343 Et
463 1302 633 1356 quietus
655 1300 746 1343 est.'
809 1301 940 1354 Quod
963 1301 997 1341 si
1020 1302 1075 1342 de
1100 1315 1133 1342 c.
1157 1301 1449 1343 summonitus
1471 1301 1539 1349 sit,
1563 1314 1662 1342 cum
1685 1308 1833 1342 tamen

380 1384 551 1412 summa
572 1370 709 1411 debiti
730 1370 787 1411 sit
810 1370 853 1409 in
874 1369 1018 1410 annali
1040 1384 1084 1410 Χ.
1110 1370 1229 1420 libre,
1252 1376 1293 1410 et
1316 1384 1352 1410 c.
1371 1370 1549 1411 soluerit
1571 1371 1614 1410 in
1635 1370 1834 1422 denariis,

380 1439 450 1480 vel
471 1439 525 1479 de
556 1452 591 1480 c.
617 1439 750 1479 breue
778 1438 891 1491 regis
917 1438 1226 1491 impetrauerit,
1249 1439 1414 1479 dicetur
1438 1439 1521 1480 ‘N.
1549 1439 1694 1479 reddit
1717 1452 1835 1479 com-

380 1514 534 1561 potum
577 1507 632 1548 de
671 1521 717 1549 Χ.
754 1506 887 1547 libris.
938 1507 990 1547 In
1025 1508 1230 1548 thesauro
1270 1521 1306 1549 c.
1339 1507 1504 1548 solidos
1540 1515 1584 1549 et
1626 1507 1758 1549 debet
1798 1521 1835 1549 c.

322 1590 364 1612 20
382 1575 570 1617 solidos'
592 1575 661 1617 vel
692 1575 770 1615 ‘In
795 1575 1001 1630 perdonis
1027 1589 1104 1629 per
1129 1576 1262 1616 breue
1290 1576 1402 1630 regis
1424 1576 1505 1629 ipsi
1528 1576 1586 1617 N.
1615 1589 1652 1616 e.
1673 1576 1835 1617 solidos

382 1651 425 1685 et
455 1644 588 1686 debet
619 1657 653 1684 c.
687 1641 879 1685 solidos.'
938 1644 999 1684 Et
1028 1650 1134 1685 nota
1164 1645 1283 1697 quod
1314 1645 1357 1684 in
1388 1644 1590 1685 omnibus
1619 1645 1835 1697 compotis

381 1713 437 1754 de
465 1713 636 1766 placitis
664 1719 708 1754 et
739 1712 1103 1753 conuentionibus
1125 1713 1284 1767 singuli
1314 1726 1393 1767 pro
1422 1727 1469 1754 se
1498 1714 1836 1766 respondebunt,

381 1788 428 1823 vt
449 1781 614 1821 scilicet
635 1794 745 1822 onus
775 1780 928 1830 debiti,
951 1781 985 1821 si
1004 1794 1091 1822 non
1118 1781 1387 1831 satisfecerit,
1404 1781 1472 1822 vel
1504 1780 1836 1829 absolutionem,

383 1851 417 1890 si
439 1850 687 1890 vniuersum
709 1848 901 1899 soluerit,
923 1863 1003 1890 suo
1022 1850 1200 1891 nomine
1221 1850 1472 1903 suscipiant,
1497 1850 1695 1903 exceptis
1716 1863 1837 1891 com-

325 1933 363 1965 25
384 1919 586 1960 munibus
621 1918 768 1959 assisis
804 1923 849 1959 et
888 1917 1141 1971 danegeldis
1173 1925 1216 1959 et
1249 1918 1444 1960 murdris.
1505 1918 1576 1959 De
1608 1917 1693 1959 hiis
1723 1918 1838 1960 enim

382 1989 625 2029 vicecomes
655 1993 910 2039 compotum
942 1987 1086 2027 reddit
1115 1993 1160 2028 et
1187 2000 1317 2040 super
1343 1987 1427 2028 hiis
1458 1986 1552 2040 ipse
1575 1986 1642 2028 vel
1668 1986 1838 2041 quietus

382 2058 425 2097 in
451 2056 593 2097 annali
625 2056 826 2097 scribitur
855 2055 924 2096 vel
955 2057 998 2096 in
1029 2055 1194 2097 debito.
1256 2055 1389 2109 Quod
1420 2056 1457 2097 si
1488 2063 1682 2098 mutatus
1711 2056 1841 2097 fuerit

382 2126 635 2174 vicecomes,
665 2123 967 2165 nichilominus
999 2124 1047 2172 is,
1079 2124 1152 2178 qui
1184 2125 1376 2166 succedit
1405 2125 1456 2175 ei,
1486 2126 1542 2166 de
1578 2125 1743 2166 eisdem
1775 2138 1839 2165 re-

339 2205 366 2235 Β
384 2194 619 2248 spondebit
644 2199 688 2235 et
713 2194 770 2234 de
790 2192 874 2234 illis
899 2193 1258 2244 summonebitur‚
1281 2199 1338 2244 et,
1361 2193 1442 2235 nisi
1472 2194 1737 2243 satisfecerit,
1764 2207 1840 2247 per

325 2279 368 2309 30
385 2262 564 2310 firmam,
587 2276 720 2315 quam
742 2261 962 2304 soluturus
979 2269 1057 2312 est,
1074 2263 1336 2304 coercendus
1358 2269 1438 2304 est.
1500 2261 1708 2315 Quisquis
1726 2263 1840 2303 enirn

385 2332 427 2371 in
449 2345 556 2372 onus
585 2331 779 2372 eiusdem
804 2330 934 2373 officii
963 2337 1134 2373 mutato
1162 2331 1356 2372 succedit
1383 2331 1643 2381 vicecomiti,
1664 2330 1720 2372 ab
1745 2331 1841 2384 ipso

384 2401 564 2455 suscipit
591 2400 800 2454 rescripta
829 2400 1079 2441 debitorum
1110 2400 1222 2454 regis
1248 2400 1291 2440 in
1323 2399 1420 2453 ipso
1444 2399 1670 2449 comitatu,
1689 2405 1737 2440 vt
1764 2413 1841 2452 per

385 2468 464 2508 hec
493 2481 621 2509 nosse
650 2467 797 2509 valeat
827 2481 853 2508 a
883 2468 1043 2521 quibus
1070 2481 1156 2521 que
1183 2468 1374 2509 debeant
1403 2467 1571 2521 requiri,
1593 2481 1691 2509 cum
1722 2481 1840 2509 sum-

388 2538 674 2579 monitionem
713 2538 771 2579 ad
810 2550 858 2578 se
893 2537 1086 2580 delatam
1122 2537 1371 2591 susceperit.
1430 2536 1507 2577 Ad
1538 2537 1841 2579 vicecomitem

435 2691 457 2726 9
482 2682 647 2729 soluerit]
665 2683 817 2719 soluitur
833 2684 881 2719 N
995 2691 1035 2729 15
1065 2684 1109 2719 In
1127 2682 1304 2730 perdonis
1321 2693 1389 2718 om.
1407 2682 1453 2716 N
1563 2685 1652 2728 post
1670 2682 1739 2728 ipsi
1756 2682 1841 2717 add.

388 2729 487 2763 enim
507 2729 537 2764 C
670 2739 711 2774 17
730 2730 862 2777 debiti]
880 2730 1006 2767 debita
1023 2732 1059 2765 R
1187 2729 1240 2774 in]
1259 2735 1295 2765 et
1312 2730 1348 2765 R
1477 2738 1524 2764 20
1540 2728 1669 2775 breue]
1686 2729 1789 2765 breui
1807 2731 1842 2763 R

390 2785 434 2817 24
454 2775 629 2827 soluerint
645 2777 693 2811 N
785 2779 840 2821 26,
860 2786 903 2820 27
922 2777 959 2812 in
977 2776 1100 2813 annali
1120 2776 1264 2823 quietus
1284 2776 1316 2812 C
1406 2785 1452 2822 29
1469 2775 1556 2822 illis]
1574 2776 1632 2813 his
1649 2778 1704 2812 R:
1729 2776 1783 2813 eis
1800 2776 1846 2811 N

391 2832 436 2867 30
460 2822 630 2858 soliturus
646 2824 694 2858 N
781 2833 825 2869 32
851 2824 1067 2870 rescriptam
1084 2825 1131 2859 N
