2912 4368
0 3233 111 3357 u,

369 1035 386 1068 1
407 1026 465 1068 vii
489 1023 538 1083 E]
864 1025 951 1066 DE
984 1023 1125 1067 scm

368 1140 503 1181 etiam
545 1138 655 1180 libre
686 1137 893 1191 ponderis
927 1140 1112 1191 respon«

366 1207 522 1249 libram
550 1208 753 1249 soluisset
775 1214 1041 1261 argenteam.
1106 1208 1116 1245 l

367 1291 438 1319 ere
461 1278 650 1319 mixtam
678 1277 874 1327 soluisse,
896 1290 995 1318 cum
1026 1290 1110 1316 non

365 1348 483 1401 regie
514 1346 642 1388 simul
678 1352 722 1388 et
756 1345 931 1401 publice
968 1345 1120 1399 pronis

365 1416 450 1458 hoc
488 1417 583 1470 ipso
620 1417 734 1471 regis
776 1415 972 1466 consilio,
1010 1429 1133 1456 const

363 1487 561 1540 predicto
584 1485 710 1526 firme
733 1485 980 1527 combustio
1001 1485 1069 1526 vel
1095 1502 1115 1524 t>

420 1556 687 1609 Disczfflclus.
751 1554 991 1609 Quomodo
1015 1555 1131 1608 publ

420 1627 655 1680 [Magister.
718 1624 921 1667 Sentiens
959 1625 1075 1664 enim
1109 1640 1122 1663 ³.

360 1695 714 1738 combustionem
732 1694 959 1735 deterioris
979 1707 1108 1734 mone

363 1764 599 1806 sollicitam
622 1764 807 1806 adhibet
824 1763 1096 1817 diligentiam

363 1833 473 1888 legis
500 1834 739 1875 constitute
766 1833 874 1873 fines
905 1845 991 1872 non
1021 1846 1121 1872 exc

361 1902 474 1944 derit
495 1904 556 1945 sic
578 1903 820 1957 puniuntur
841 1908 889 1942 vt
913 1915 1065 1942 eorum
1090 1916 1110 1940 ιε,

418 1972 680 2026 Dz’scz'pztlus.
742 1971 969 2024 Numquid
1012 1971 1067 2011 de

359 2042 517 2084 blanca
538 2042 650 2084 solui
671 2042 805 2083 debet
826 2040 895 2082 vel
917 2041 1106 2082 examin.

416 2111 650 2165 llsczgister.
713 2111 833 2152 Non.
895 2109 985 2151 Sed
1012 2110 1084 2163 qui

359 2182 700 2222 annominantur
721 2180 782 2222 sic
804 2179 994 2221 soluunt.
1059 2179 1116 2232 Qi

358 2264 485 2292 casus
529 2249 788 2291 infiscantur
833 2249 927 2291 solo
974 2264 1115 2290 nume

358 2319 592 2374 Salopscir,
627 2319 818 2369 sudsex,
853 2319 1113 2360 Norhumb(⁴

356 2390 509 2431 berum
552 2396 619 2431 est
665 2389 800 2430 etiam
847 2390 1095 2431 vicecomiti

355 2459 598 2501 examinati
631 2459 800 2514 argenti
832 2459 1030 2513 pondera
1072 2470 1112 2499 et

356 2528 584 2571 bustionis.
665 2528 737 2571 Sic
774 2534 924 2569 tamen
955 2534 1003 2570 vt
1049 2528 1134 2569 fus-1

355 2598 574 2640 decernat.
629 2597 783 2639 Habes
806 2598 939 2653 igitur
962 2599 1081 2651 quod
1106 2614 1122 2651 1⁷

355 2681 488 2721 quam
510 2681 685 2708 causam
709 2667 913 2709 instituta
933 2667 1063 2708 fuerit
1086 2681 1139 2707 ex

411 2736 675 2789 Dz‘sczpulns.
736 2736 881 2777 Video
911 2750 989 2789 per
1010 2736 1122 2777 hanc

354 2805 564 2858 scriptum
587 2811 665 2856 est,
712 2805 885 2859 ‘Quale
912 2805 1038 2846 fuerit
1068 2819 1132 2845 cin

356 2874 445 2917 Sed
468 2875 554 2915 iam
575 2888 689 2915 nunc
710 2874 883 2927 placeat
906 2875 1044 2928 ceptis
1068 2875 1131 2915 ins

412 2943 648 2997 splagz'ster.
709 2944 823 2985 Fiat.
902 2942 1132 2997 Conseque

355 3013 568 3067 disposite
600 3013 784 3055 rationis
815 3013 1029 3062 ordinem,
1052 3020 1099 3053 vt
1133 3036 1135 3044 ι

353 3082 465 3124 tium
498 3083 553 3123 ad
585 3083 851 3125 scaccarium
884 3097 943 3124 ex
973 3082 1116 3126 officic-

353 3165 598 3206 sequamur.

450 3224 475 3230 ”’
511 3221 672 3267 ·ν“]>τιίῑι.ς.
734 3222 872 3263 Miror
922 3222 1028 3263 satis
1080 3236 1134 3274 qr

544 3297 742 3346 geretur,
765 3291 821 3332 de
850 3292 1031 3333 ostiario
1056 3306 1137 3332 mai

568 3360 737 3402 dustria
760 3361 1041 3415 suppressisti
1060 3376 1123 3401 ve:

593 3512 642 3539 r.
704 3498 913 3541 Gratulor
937 3505 982 3541 te
1009 3513 1142 3540 mem„

591 3567 724 3620 '·pe
765 3567 982 3622 discipulo
1022 3569 1131 3623 glor

697 3648 743 3682 2io
762 3659 831 3682 om.
849 3649 886 3682 R
1013 3658 1053 3693 13
1081 3660 1115 3683 οῖ

703 3696 785 3730 ibus
815 3695 900 3730 add.
934 3696 982 3731 N

742 3743 891 3789 placeat
907 3743 939 3779 C

1252 1022 1316 1065 IO
1756 1036 1806 1079 91

1250 1135 1457 1183 soluisset,
1490 1144 1810 1189 consequenter

1273 1206 1388 1246 enirn
1405 1219 1540 1259 cupro
1562 1206 1631 1246 vel
1653 1206 1808 1259 quouis

1251 1275 1532 1317 examinatio.
1594 1275 1656 1317 Vt
1679 1276 1809 1329 igitur

1273 1346 1464 1396 Vtilitati,
1494 1344 1647 1386 habito
1680 1359 1809 1400 super

1252 1430 1267 1455 1
1306 1421 1372 1456 est
1414 1421 1461 1456 vt
1498 1414 1623 1456 fieret
1654 1416 1844 1457 ordine5

1251 1485 1342 1525 itio.

1256 1638 1322 1664 ies
1356 1638 1402 1665 se
1441 1624 1693 1678 pregrauari
1729 1639 1806 1678 per

1251 1708 1263 1733 1
1288 1693 1460 1734 firmam
1485 1701 1549 1735 est
1572 1694 1805 1742 soluturus

1250 1763 1386 1804 ietarii
1405 1763 1485 1803 sub
1508 1777 1559 1804 eo
1577 1764 1803 1804 constituti
1829 1771 1867 1793 10

1288 1832 1413 1885 Quos
1442 1846 1542 1873 cum
1565 1833 1803 1887 deprehen-

1253 1917 1266 1942 )
1290 1902 1420 1942 ceteri
1442 1908 1697 1943 terreantur.

1249 1986 1290 2011 is
1342 1972 1625 2012 comitatibus
1678 1971 1804 2013 firma

1254 2042 1307 2081 i?

1251 2111 1351 2163 iquo
1380 2110 1472 2151 iure
1502 2124 1659 2151 corone
1685 2110 1801 2164 regie
1822 2123 1859 2155 15

1271 2193 1347 2233 per
1370 2180 1608 2221 incidentes
1632 2180 1801 2233 aliquos

1250 2249 1458 2299 'sfaciunt‚
1506 2249 1659 2302 quales
1701 2256 1801 2289 sunt

1256 2327 1297 2359 et
1333 2318 1644 2360 Cumberland.
1724 2318 1801 2359 Li-

1251 2404 1263 2429 )
1299 2387 1424 2429 firma
1463 2388 1619 2430 blanca
1657 2387 1801 2429 soluat

1251 2459 1399 2512 [fugiat
1434 2459 1647 2500 iacturam
1682 2472 1799 2499 com·
1821 2471 1861 2493 20

1250 2543 1280 2569 ‚s
1323 2529 1479 2569 eadem
1522 2528 1799 2582 suscipienda
1819 2529 1847 2560 Ε

1258 2612 1282 2637 a
1305 2598 1463 2650 quibus
1486 2597 1652 2638 scilicet
1674 2604 1718 2638 et
1740 2597 1798 2639 ob

1251 2668 1343 2708 itiO.

1258 2746 1396 2777 teram
1424 2736 1653 2788 impletum
1676 2735 1795 2788 quod

1275 2820 1385 2860 opus
1418 2806 1529 2859 ignis
1564 2804 1795 2859 probabit.’
1817 2815 1855 2848 25

1249 2978 1265 2994 γ,
1302 2950 1349 2985 vt
1380 2944 1521 2993 credo,
1554 2944 1794 2985 secundum

1258 3020 1305 3054 nt
1337 3014 1574 3067 dignitates
1605 3013 1793 3054 residen-

1251 3098 1279 3123 Χ
1312 3084 1424 3137 regis
1456 3082 1665 3124 mandato
1695 3097 1792 3136 pro-

1812 3162 1853 3194 30

1251 3221 1533 3262 ]sideratione
1586 3235 1684 3262 curn
1736 3222 1791 3262 de

1254 3291 1433 3331 caccarii
1464 3297 1507 3332 et
1536 3291 1626 3331 eius
1649 3291 1791 3332 officio

1254 3360 1360 3401 ionis
1379 3360 1534 3401 iniuria
1552 3360 1790 3411 resistente,

1249 3499 1549 3552 ‘iredictomm
1612 3500 1663 3540 In
1685 3513 1786 3553 pro·
1808 3511 1847 3543 35

1254 3568 1357 3610 toris
1394 3576 1473 3610 est.
1534 3569 1664 3610 Nosti
1700 3569 1786 3611 iam

1251 3660 1310 3682 ηπ.
1329 3649 1376 3682 JV
1501 3658 1543 3691 14
1554 3651 1642 3694 post
1657 3650 1724 3693 vel,
1744 3661 1787 3684 ex

1249 3708 1319 3730 iam
1343 3707 1412 3731 om.
1443 3696 1492 3731 C:
1521 3697 1632 3732 etiam
1661 3704 1717 3734 est
1746 3698 1791 3733 N
